<?xml version="1.0" encoding="UTF-8"?><Document xmlns:xsi="http://www.w3.org/2001/XMLSchema-instance" xmlns="urn:iso:std:iso:20022:tech:xsd:camt.053.001.02"><BkToCstmrStmt><GrpHdr><MsgId>CAMT053RBB000059027635</MsgId><CreDtTm>2025-11-25T11:57:18.013857+01:00</CreDtTm></GrpHdr><Stmt><Id>CAMT05300005902763500001</Id><ElctrncSeqNb>25325</ElctrncSeqNb><CreDtTm>2025-11-25T11:57:18.013857+01:00</CreDtTm><Acct><Id><IBAN>NL98RABO0300031319</IBAN></Id><Ccy>EUR</Ccy><Nm>Center Parcs Europe B.V.</Nm></Acct><Bal><Tp><CdOrPrtry><Cd>PRCD</Cd></CdOrPrtry></Tp><Amt Ccy="EUR">0.00</Amt><CdtDbtInd>CRDT</CdtDbtInd><Dt><Dt>2025-11-20</Dt></Dt></Bal><Bal><Tp><CdOrPrtry><Cd>OPBD</Cd></CdOrPrtry></Tp><Amt Ccy="EUR">0.00</Amt><CdtDbtInd>CRDT</CdtDbtInd><Dt><Dt>2025-11-21</Dt></Dt></Bal><Bal><Tp><CdOrPrtry><Cd>CLBD</Cd></CdOrPrtry></Tp><Amt Ccy="EUR">0.00</Amt><CdtDbtInd>CRDT</CdtDbtInd><Dt><Dt>2025-11-21</Dt></Dt></Bal><Bal><Tp><CdOrPrtry><Cd>CLAV</Cd></CdOrPrtry></Tp><Amt Ccy="EUR">0.00</Amt><CdtDbtInd>CRDT</CdtDbtInd><Dt><Dt>2025-11-21</Dt></Dt></Bal><Bal><Tp><CdOrPrtry><Cd>FWAV</Cd></CdOrPrtry></Tp><Amt Ccy="EUR">0.00</Amt><CdtDbtInd>CRDT</CdtDbtInd><Dt><Dt>2025-11-22</Dt></Dt></Bal><Bal><Tp><CdOrPrtry><Cd>FWAV</Cd></CdOrPrtry></Tp><Amt Ccy="EUR">0.00</Amt><CdtDbtInd>CRDT</CdtDbtInd><Dt><Dt>2025-11-23</Dt></Dt></Bal><Bal><Tp><CdOrPrtry><Cd>FWAV</Cd></CdOrPrtry></Tp><Amt Ccy="EUR">0.00</Amt><CdtDbtInd>CRDT</CdtDbtInd><Dt><Dt>2025-11-24</Dt></Dt></Bal><Bal><Tp><CdOrPrtry><Cd>FWAV</Cd></CdOrPrtry></Tp><Amt Ccy="EUR">0.00</Amt><CdtDbtInd>CRDT</CdtDbtInd><Dt><Dt>2025-11-25</Dt></Dt></Bal><TxsSummry><TtlNtries><NbOfNtries>3</NbOfNtries><Sum>11980.66</Sum><TtlNetNtryAmt>0.00</TtlNetNtryAmt><CdtDbtInd>CRDT</CdtDbtInd></TtlNtries><TtlCdtNtries><NbOfNtries>2</NbOfNtries><Sum>5990.33</Sum></TtlCdtNtries><TtlDbtNtries><NbOfNtries>1</NbOfNtries><Sum>5990.33</Sum></TtlDbtNtries><TtlNtriesPerBkTxCd><NbOfNtries>2</NbOfNtries><Sum>5990.33</Sum><TtlNetNtryAmt>5990.33</TtlNetNtryAmt><CdtDbtInd>CRDT</CdtDbtInd><BkTxCd><Domn><Cd>PMNT</Cd><Fmly><Cd>RCDT</Cd><SubFmlyCd>ESCT</SubFmlyCd></Fmly></Domn><Prtry><Cd>541</Cd><Issr>RABOBANK</Issr></Prtry></BkTxCd></TtlNtriesPerBkTxCd><TtlNtriesPerBkTxCd><NbOfNtries>1</NbOfNtries><Sum>5990.33</Sum><TtlNetNtryAmt>5990.33</TtlNetNtryAmt><CdtDbtInd>DBIT</CdtDbtInd><BkTxCd><Domn><Cd>PMNT</Cd><Fmly><Cd>ICCN</Cd><SubFmlyCd>ICCT</SubFmlyCd></Fmly></Domn><Prtry><Cd>625</Cd><Issr>RABOBANK</Issr></Prtry></BkTxCd></TtlNtriesPerBkTxCd></TxsSummry><Ntry><NtryRef>110590</NtryRef><Amt Ccy="EUR">684.54</Amt><CdtDbtInd>CRDT</CdtDbtInd><Sts>BOOK</Sts><BookgDt><Dt>2025-11-21</Dt></BookgDt><ValDt><Dt>2025-11-21</Dt></ValDt><AcctSvcrRef>43311614508:CR02CT</AcctSvcrRef><BkTxCd><Domn><Cd>PMNT</Cd><Fmly><Cd>RCDT</Cd><SubFmlyCd>ESCT</SubFmlyCd></Fmly></Domn><Prtry><Cd>541</Cd><Issr>RABOBANK</Issr></Prtry></BkTxCd><NtryDtls><TxDtls><Refs><AcctSvcrRef>43311614508</AcctSvcrRef><InstrId>INNDNL2U20211125001920110002781</InstrId><EndToEndId>2114368252</EndToEndId></Refs><AmtDtls><TxAmt><Amt Ccy="EUR">684.54</Amt></TxAmt><PrtryAmt><Tp>IBS</Tp><Amt Ccy="EUR">684.54</Amt></PrtryAmt></AmtDtls><BkTxCd><Domn><Cd>PMNT</Cd><Fmly><Cd>RCDT</Cd><SubFmlyCd>ESCT</SubFmlyCd></Fmly></Domn><Prtry><Cd>541</Cd><Issr>RABOBANK</Issr></Prtry></BkTxCd><RltdPties><Dbtr><Nm>Booking.com B.V.</Nm></Dbtr><DbtrAcct><Id><IBAN>NL15CITI2032301393</IBAN></Id></DbtrAcct></RltdPties><RltdAgts><DbtrAgt><FinInstnId><BIC>CITINL2X</BIC></FinInstnId></DbtrAgt></RltdAgts><RmtInf><Ustrd>NO.Hr8tuPYBAZSYDOwH/ID.485157</Ustrd></RmtInf><RltdDts><IntrBkSttlmDt>2025-11-21</IntrBkSttlmDt></RltdDts></TxDtls></NtryDtls></Ntry><Ntry><NtryRef>110591</NtryRef><Amt Ccy="EUR">5305.79</Amt><CdtDbtInd>CRDT</CdtDbtInd><Sts>BOOK</Sts><BookgDt><Dt>2025-11-21</Dt></BookgDt><ValDt><Dt>2025-11-21</Dt></ValDt><AcctSvcrRef>43313511295:CR02CT</AcctSvcrRef><BkTxCd><Domn><Cd>PMNT</Cd><Fmly><Cd>RCDT</Cd><SubFmlyCd>ESCT</SubFmlyCd></Fmly></Domn><Prtry><Cd>541</Cd><Issr>RABOBANK</Issr></Prtry></BkTxCd><NtryDtls><TxDtls><Refs><AcctSvcrRef>43313511295</AcctSvcrRef><InstrId>INNDNL2U20211125003605110047736</InstrId><EndToEndId>TX55206244500XT</EndToEndId></Refs><AmtDtls><TxAmt><Amt Ccy="EUR">5305.79</Amt></TxAmt><PrtryAmt><Tp>IBS</Tp><Amt Ccy="EUR">5305.79</Amt></PrtryAmt></AmtDtls><BkTxCd><Domn><Cd>PMNT</Cd><Fmly><Cd>RCDT</Cd><SubFmlyCd>ESCT</SubFmlyCd></Fmly></Domn><Prtry><Cd>541</Cd><Issr>RABOBANK</Issr></Prtry></BkTxCd><RltdPties><Dbtr><Nm>Adyen N.V.</Nm></Dbtr><DbtrAcct><Id><IBAN>NL92ADYB2017400998</IBAN></Id></DbtrAcct></RltdPties><RltdAgts><DbtrAgt><FinInstnId><BIC>ADYBNL2A</BIC></FinInstnId></DbtrAgt></RltdAgts><RmtInf><Ustrd>TX55206244500XT batch 310, CP-EUGIFTVOUCHER-ECOM</Ustrd></RmtInf><RltdDts><IntrBkSttlmDt>2025-11-21</IntrBkSttlmDt></RltdDts></TxDtls></NtryDtls></Ntry><Ntry><NtryRef>110592</NtryRef><Amt Ccy="EUR">5990.33</Amt><CdtDbtInd>DBIT</CdtDbtInd><Sts>BOOK</Sts><BookgDt><Dt>2025-11-21</Dt></BookgDt><ValDt><Dt>2025-11-21</Dt></ValDt><AcctSvcrRef>NP8A000256232626</AcctSvcrRef><BkTxCd><Domn><Cd>PMNT</Cd><Fmly><Cd>ICCN</Cd><SubFmlyCd>ICCT</SubFmlyCd></Fmly></Domn><Prtry><Cd>625</Cd><Issr>RABOBANK</Issr></Prtry></BkTxCd><NtryDtls><TxDtls><Refs><AcctSvcrRef>NP8A000256232626</AcctSvcrRef><PmtInfId>POYBCPE2025000003673</PmtInfId><EndToEndId>POYTCPE2025000003674</EndToEndId></Refs><AmtDtls><TxAmt><Amt Ccy="EUR">5990.33</Amt></TxAmt></AmtDtls><BkTxCd><Domn><Cd>PMNT</Cd><Fmly><Cd>ICCN</Cd><SubFmlyCd>ICCT</SubFmlyCd></Fmly></Domn><Prtry><Cd>625</Cd><Issr>RABOBANK</Issr></Prtry></BkTxCd><RltdPties><InitgPty><Nm>Center Parcs Europe N.V.</Nm></InitgPty><Cdtr><Nm>Center Parcs Europe N.V.</Nm></Cdtr><CdtrAcct><Id><IBAN>NL31RABO0300087233</IBAN></Id></CdtrAcct></RltdPties><RmtInf><Ustrd>CPES112100013 CC300031319/300087233</Ustrd></RmtInf><RltdDts><IntrBkSttlmDt>2025-11-21</IntrBkSttlmDt></RltdDts></TxDtls></NtryDtls></Ntry></Stmt></BkToCstmrStmt></Document>