<?xml version="1.0" encoding="UTF-8"?>
<Document xmlns="urn:iso:std:iso:20022:tech:xsd:camt.053.001.08" xmlns:xsi="http://www.w3.org/2001/XMLSchema-instance">
  <BkToCstmrStmt>
    <GrpHdr>
      <MsgId>CAMT053CSO000000019854</MsgId>
      <CreDtTm>2025-11-28T08:13:19.039+01:00</CreDtTm>
    </GrpHdr>
    <Stmt>
      <Id>CAMT05300000001985400001</Id>
      <StmtPgntn>
        <PgNb>1</PgNb>
        <LastPgInd>true</LastPgInd>
      </StmtPgntn>
      <ElctrncSeqNb>25332</ElctrncSeqNb>
      <CreDtTm>2025-11-28T08:13:19.039+01:00</CreDtTm>
      <Acct>
        <Id>
          <IBAN>NL98RABO0300031319</IBAN>
        </Id>
        <Ccy>EUR</Ccy>
        <Nm>Center Parcs Europe B.V.</Nm>
      </Acct>
      <Bal>
        <Tp>
          <CdOrPrtry>
            <Cd>PRCD</Cd>
          </CdOrPrtry>
        </Tp>
        <Amt Ccy="EUR">0.00</Amt>
        <CdtDbtInd>CRDT</CdtDbtInd>
        <Dt>
          <Dt>2025-11-27</Dt>
        </Dt>
      </Bal>
      <Bal>
        <Tp>
          <CdOrPrtry>
            <Cd>OPBD</Cd>
          </CdOrPrtry>
        </Tp>
        <Amt Ccy="EUR">0.00</Amt>
        <CdtDbtInd>CRDT</CdtDbtInd>
        <Dt>
          <Dt>2025-11-28</Dt>
        </Dt>
      </Bal>
      <Bal>
        <Tp>
          <CdOrPrtry>
            <Cd>CLBD</Cd>
          </CdOrPrtry>
        </Tp>
        <Amt Ccy="EUR">0.00</Amt>
        <CdtDbtInd>CRDT</CdtDbtInd>
        <Dt>
          <Dt>2025-11-28</Dt>
        </Dt>
      </Bal>
      <Bal>
        <Tp>
          <CdOrPrtry>
            <Cd>CLAV</Cd>
          </CdOrPrtry>
        </Tp>
        <Amt Ccy="EUR">0.00</Amt>
        <CdtDbtInd>CRDT</CdtDbtInd>
        <Dt>
          <Dt>2025-11-28</Dt>
        </Dt>
      </Bal>
      <Bal>
        <Tp>
          <CdOrPrtry>
            <Cd>FWAV</Cd>
          </CdOrPrtry>
        </Tp>
        <Amt Ccy="EUR">0.00</Amt>
        <CdtDbtInd>CRDT</CdtDbtInd>
        <Dt>
          <Dt>2025-11-29</Dt>
        </Dt>
      </Bal>
      <Bal>
        <Tp>
          <CdOrPrtry>
            <Cd>FWAV</Cd>
          </CdOrPrtry>
        </Tp>
        <Amt Ccy="EUR">0.00</Amt>
        <CdtDbtInd>CRDT</CdtDbtInd>
        <Dt>
          <Dt>2025-11-30</Dt>
        </Dt>
      </Bal>
      <Bal>
        <Tp>
          <CdOrPrtry>
            <Cd>FWAV</Cd>
          </CdOrPrtry>
        </Tp>
        <Amt Ccy="EUR">0.00</Amt>
        <CdtDbtInd>CRDT</CdtDbtInd>
        <Dt>
          <Dt>2025-12-01</Dt>
        </Dt>
      </Bal>
      <Bal>
        <Tp>
          <CdOrPrtry>
            <Cd>FWAV</Cd>
          </CdOrPrtry>
        </Tp>
        <Amt Ccy="EUR">0.00</Amt>
        <CdtDbtInd>CRDT</CdtDbtInd>
        <Dt>
          <Dt>2025-12-02</Dt>
        </Dt>
      </Bal>
      <TxsSummry>
        <TtlNtries>
          <NbOfNtries>4</NbOfNtries>
          <Sum>82854.76</Sum>
          <TtlNetNtry>
            <Amt>0.00</Amt>
            <CdtDbtInd>CRDT</CdtDbtInd>
          </TtlNetNtry>
        </TtlNtries>
        <TtlCdtNtries>
          <NbOfNtries>3</NbOfNtries>
          <Sum>41427.38</Sum>
        </TtlCdtNtries>
        <TtlDbtNtries>
          <NbOfNtries>1</NbOfNtries>
          <Sum>41427.38</Sum>
        </TtlDbtNtries>
        <TtlNtriesPerBkTxCd>
          <NbOfNtries>3</NbOfNtries>
          <Sum>41427.38</Sum>
          <TtlNetNtry>
            <Amt>41427.38</Amt>
            <CdtDbtInd>CRDT</CdtDbtInd>
          </TtlNetNtry>
          <BkTxCd>
            <Domn>
              <Cd>PMNT</Cd>
              <Fmly>
                <Cd>RCDT</Cd>
                <SubFmlyCd>ESCT</SubFmlyCd>
              </Fmly>
            </Domn>
            <Prtry>
              <Cd>541</Cd>
              <Issr>RABOBANK</Issr>
            </Prtry>
          </BkTxCd>
        </TtlNtriesPerBkTxCd>
        <TtlNtriesPerBkTxCd>
          <NbOfNtries>1</NbOfNtries>
          <Sum>41427.38</Sum>
          <TtlNetNtry>
            <Amt>41427.38</Amt>
            <CdtDbtInd>DBIT</CdtDbtInd>
          </TtlNetNtry>
          <BkTxCd>
            <Domn>
              <Cd>PMNT</Cd>
              <Fmly>
                <Cd>ICCN</Cd>
                <SubFmlyCd>ICCT</SubFmlyCd>
              </Fmly>
            </Domn>
            <Prtry>
              <Cd>625</Cd>
              <Issr>RABOBANK</Issr>
            </Prtry>
          </BkTxCd>
        </TtlNtriesPerBkTxCd>
      </TxsSummry>
      <Ntry>
        <NtryRef>110605</NtryRef>
        <Amt Ccy="EUR">1000.00</Amt>
        <CdtDbtInd>CRDT</CdtDbtInd>
        <Sts>
          <Cd>BOOK</Cd>
        </Sts>
        <BookgDt>
          <Dt>2025-11-28</Dt>
        </BookgDt>
        <ValDt>
          <Dt>2025-11-28</Dt>
        </ValDt>
        <AcctSvcrRef>43400270062:CI07CT</AcctSvcrRef>
        <BkTxCd>
          <Domn>
            <Cd>PMNT</Cd>
            <Fmly>
              <Cd>RCDT</Cd>
              <SubFmlyCd>ESCT</SubFmlyCd>
            </Fmly>
          </Domn>
          <Prtry>
            <Cd>541</Cd>
            <Issr>RABOBANK</Issr>
          </Prtry>
        </BkTxCd>
        <NtryDtls>
          <TxDtls>
            <Refs>
              <AcctSvcrRef>OM1T003857701893</AcctSvcrRef>
              <InstrId>ROM-C-20251127-0000000120718096893</InstrId>
              <EndToEndId>SCT-1-BO2500109-R183</EndToEndId>
              <TxId>OPF4452858622.8</TxId>
            </Refs>
            <Amt Ccy="EUR">1000.00</Amt>
            <CdtDbtInd>CRDT</CdtDbtInd>
            <AmtDtls>
              <TxAmt>
                <Amt Ccy="EUR">1000.00</Amt>
              </TxAmt>
              <PrtryAmt>
                <Tp>IBS</Tp>
                <Amt Ccy="EUR">1000.00</Amt>
              </PrtryAmt>
            </AmtDtls>
            <BkTxCd>
              <Domn>
                <Cd>PMNT</Cd>
                <Fmly>
                  <Cd>RCDT</Cd>
                  <SubFmlyCd>ESCT</SubFmlyCd>
                </Fmly>
              </Domn>
              <Prtry>
                <Cd>541</Cd>
                <Issr>RABOBANK</Issr>
              </Prtry>
            </BkTxCd>
            <RltdPties>
              <Dbtr>
                <Pty>
                  <Nm>Rijndorp Installaties B.V.</Nm>
                  <Id>
                    <OrgId>
                      <Othr>
                        <Id>28044689</Id>
                      </Othr>
                    </OrgId>
                  </Id>
                </Pty>
              </Dbtr>
              <DbtrAcct>
                <Id>
                  <IBAN>NL60RABO0375320008</IBAN>
                </Id>
              </DbtrAcct>
            </RltdPties>
            <RltdAgts>
              <DbtrAgt>
                <FinInstnId>
                  <BICFI>RABONL2U</BICFI>
                </FinInstnId>
              </DbtrAgt>
            </RltdAgts>
            <RmtInf>
              <Ustrd>1033173/146018352</Ustrd>
            </RmtInf>
            <RltdDts>
              <IntrBkSttlmDt>2025-11-28</IntrBkSttlmDt>
            </RltdDts>
          </TxDtls>
        </NtryDtls>
      </Ntry>
      <Ntry>
        <NtryRef>110606</NtryRef>
        <Amt Ccy="EUR">28000.00</Amt>
        <CdtDbtInd>CRDT</CdtDbtInd>
        <Sts>
          <Cd>BOOK</Cd>
        </Sts>
        <BookgDt>
          <Dt>2025-11-28</Dt>
        </BookgDt>
        <ValDt>
          <Dt>2025-11-28</Dt>
        </ValDt>
        <AcctSvcrRef>43410601019:CR02CT</AcctSvcrRef>
        <BkTxCd>
          <Domn>
            <Cd>PMNT</Cd>
            <Fmly>
              <Cd>RCDT</Cd>
              <SubFmlyCd>ESCT</SubFmlyCd>
            </Fmly>
          </Domn>
          <Prtry>
            <Cd>541</Cd>
            <Issr>RABOBANK</Issr>
          </Prtry>
        </BkTxCd>
        <NtryDtls>
          <TxDtls>
            <Refs>
              <AcctSvcrRef>43410601019</AcctSvcrRef>
              <InstrId>INNDNL2U20281125001930110083253</InstrId>
              <EndToEndId>251127133613-1-4</EndToEndId>
              <TxId>43410601019:CR02CT</TxId>
            </Refs>
            <Amt Ccy="EUR">28000.00</Amt>
            <CdtDbtInd>CRDT</CdtDbtInd>
            <AmtDtls>
              <TxAmt>
                <Amt Ccy="EUR">28000.00</Amt>
              </TxAmt>
              <PrtryAmt>
                <Tp>IBS</Tp>
                <Amt Ccy="EUR">28000.00</Amt>
              </PrtryAmt>
            </AmtDtls>
            <BkTxCd>
              <Domn>
                <Cd>PMNT</Cd>
                <Fmly>
                  <Cd>RCDT</Cd>
                  <SubFmlyCd>ESCT</SubFmlyCd>
                </Fmly>
              </Domn>
              <Prtry>
                <Cd>541</Cd>
                <Issr>RABOBANK</Issr>
              </Prtry>
            </BkTxCd>
            <RltdPties>
              <Dbtr>
                <Pty>
                  <Nm>Connex Loyalty GmbH</Nm>
                </Pty>
              </Dbtr>
              <DbtrAcct>
                <Id>
                  <IBAN>AT572032010000047902</IBAN>
                </Id>
              </DbtrAcct>
            </RltdPties>
            <RltdAgts>
              <DbtrAgt>
                <FinInstnId>
                  <BICFI>ASPKAT2L</BICFI>
                </FinInstnId>
              </DbtrAgt>
            </RltdAgts>
            <RmtInf>
              <Ustrd>AVIS004912</Ustrd>
            </RmtInf>
            <RltdDts>
              <IntrBkSttlmDt>2025-11-28</IntrBkSttlmDt>
            </RltdDts>
          </TxDtls>
        </NtryDtls>
      </Ntry>
      <Ntry>
        <NtryRef>110607</NtryRef>
        <Amt Ccy="EUR">12427.38</Amt>
        <CdtDbtInd>CRDT</CdtDbtInd>
        <Sts>
          <Cd>BOOK</Cd>
        </Sts>
        <BookgDt>
          <Dt>2025-11-28</Dt>
        </BookgDt>
        <ValDt>
          <Dt>2025-11-28</Dt>
        </ValDt>
        <AcctSvcrRef>43412937226:CR02CT</AcctSvcrRef>
        <BkTxCd>
          <Domn>
            <Cd>PMNT</Cd>
            <Fmly>
              <Cd>RCDT</Cd>
              <SubFmlyCd>ESCT</SubFmlyCd>
            </Fmly>
          </Domn>
          <Prtry>
            <Cd>541</Cd>
            <Issr>RABOBANK</Issr>
          </Prtry>
        </BkTxCd>
        <NtryDtls>
          <TxDtls>
            <Refs>
              <AcctSvcrRef>43412937226</AcctSvcrRef>
              <InstrId>INNDNL2U20281125004665110042465</InstrId>
              <EndToEndId>TX55355730600XT</EndToEndId>
              <TxId>43412937226:CR02CT</TxId>
            </Refs>
            <Amt Ccy="EUR">12427.38</Amt>
            <CdtDbtInd>CRDT</CdtDbtInd>
            <AmtDtls>
              <TxAmt>
                <Amt Ccy="EUR">12427.38</Amt>
              </TxAmt>
              <PrtryAmt>
                <Tp>IBS</Tp>
                <Amt Ccy="EUR">12427.38</Amt>
              </PrtryAmt>
            </AmtDtls>
            <BkTxCd>
              <Domn>
                <Cd>PMNT</Cd>
                <Fmly>
                  <Cd>RCDT</Cd>
                  <SubFmlyCd>ESCT</SubFmlyCd>
                </Fmly>
              </Domn>
              <Prtry>
                <Cd>541</Cd>
                <Issr>RABOBANK</Issr>
              </Prtry>
            </BkTxCd>
            <RltdPties>
              <Dbtr>
                <Pty>
                  <Nm>Adyen N.V.</Nm>
                </Pty>
              </Dbtr>
              <DbtrAcct>
                <Id>
                  <IBAN>NL92ADYB2017400998</IBAN>
                </Id>
              </DbtrAcct>
            </RltdPties>
            <RltdAgts>
              <DbtrAgt>
                <FinInstnId>
                  <BICFI>ADYBNL2A</BICFI>
                </FinInstnId>
              </DbtrAgt>
            </RltdAgts>
            <RmtInf>
              <Ustrd>TX55355730600XT batch 315, CP-EUGIFTVOUCHER-ECOM</Ustrd>
            </RmtInf>
            <RltdDts>
              <IntrBkSttlmDt>2025-11-28</IntrBkSttlmDt>
            </RltdDts>
          </TxDtls>
        </NtryDtls>
      </Ntry>
      <Ntry>
        <NtryRef>110608</NtryRef>
        <Amt Ccy="EUR">41427.38</Amt>
        <CdtDbtInd>DBIT</CdtDbtInd>
        <Sts>
          <Cd>BOOK</Cd>
        </Sts>
        <BookgDt>
          <Dt>2025-11-28</Dt>
        </BookgDt>
        <ValDt>
          <Dt>2025-11-28</Dt>
        </ValDt>
        <AcctSvcrRef>NP8A000258806808</AcctSvcrRef>
        <BkTxCd>
          <Domn>
            <Cd>PMNT</Cd>
            <Fmly>
              <Cd>ICCN</Cd>
              <SubFmlyCd>ICCT</SubFmlyCd>
            </Fmly>
          </Domn>
          <Prtry>
            <Cd>625</Cd>
            <Issr>RABOBANK</Issr>
          </Prtry>
        </BkTxCd>
        <NtryDtls>
          <TxDtls>
            <Refs>
              <AcctSvcrRef>NP8A000258806808</AcctSvcrRef>
              <PmtInfId>POYBCPE2025000003754</PmtInfId>
              <EndToEndId>POYTCPE2025000003755</EndToEndId>
              <TxId>NP8T000251742932</TxId>
            </Refs>
            <Amt Ccy="EUR">41427.38</Amt>
            <CdtDbtInd>DBIT</CdtDbtInd>
            <AmtDtls>
              <TxAmt>
                <Amt Ccy="EUR">41427.38</Amt>
              </TxAmt>
            </AmtDtls>
            <BkTxCd>
              <Domn>
                <Cd>PMNT</Cd>
                <Fmly>
                  <Cd>ICCN</Cd>
                  <SubFmlyCd>ICCT</SubFmlyCd>
                </Fmly>
              </Domn>
              <Prtry>
                <Cd>625</Cd>
                <Issr>RABOBANK</Issr>
              </Prtry>
            </BkTxCd>
            <RltdPties>
              <InitgPty>
                <Pty>
                  <Nm>Center Parcs Europe N.V.</Nm>
                </Pty>
              </InitgPty>
              <Cdtr>
                <Pty>
                  <Nm>Center Parcs Europe N.V.</Nm>
                </Pty>
              </Cdtr>
              <CdtrAcct>
                <Id>
                  <IBAN>NL31RABO0300087233</IBAN>
                </Id>
              </CdtrAcct>
            </RltdPties>
            <RmtInf>
              <Ustrd>CPES112800013 CC300031319/300087233</Ustrd>
            </RmtInf>
            <RltdDts>
              <IntrBkSttlmDt>2025-11-28</IntrBkSttlmDt>
            </RltdDts>
          </TxDtls>
        </NtryDtls>
      </Ntry>
    </Stmt>
  </BkToCstmrStmt>
</Document>