<?xml version="1.0" encoding="UTF-8"?>
<Document xmlns:xsi="http://www.w3.org/2001/XMLSchema-instance" xmlns="urn:iso:std:iso:20022:tech:xsd:camt.053.001.02">
  <BkToCstmrStmt>
    <GrpHdr>
      <MsgId>CAMT053RBB202512010903</MsgId>
      <CreDtTm>2025-11-28T00:00:00.000000+01:00</CreDtTm>
    </GrpHdr>
    <Stmt>
      <Id>CAMT05320251128090303791</Id>
      <ElctrncSeqNb>1</ElctrncSeqNb>
      <CreDtTm>2025-11-28T00:00:00.000000+01:00</CreDtTm>
      <Acct>
        <Id>
          <IBAN>NL98RABO0300031319</IBAN>
        </Id>
        <Ccy>EUR</Ccy>
        <Nm>Center Parcs Europe B.V.</Nm>
      </Acct>
      <Bal>
        <Tp>
          <CdOrPrtry>
            <Cd>PRCD</Cd>
          </CdOrPrtry>
        </Tp>
        <Amt Ccy="EUR">0.00</Amt>
        <CdtDbtInd>CRDT</CdtDbtInd>
        <Dt>
          <Dt>2025-11-27</Dt>
        </Dt>
      </Bal>
      <Bal>
        <Tp>
          <CdOrPrtry>
            <Cd>OPBD</Cd>
          </CdOrPrtry>
        </Tp>
        <Amt Ccy="EUR">0.00</Amt>
        <CdtDbtInd>CRDT</CdtDbtInd>
        <Dt>
          <Dt>2025-11-28</Dt>
        </Dt>
      </Bal>
      <Bal>
        <Tp>
          <CdOrPrtry>
            <Cd>CLBD</Cd>
          </CdOrPrtry>
        </Tp>
        <Amt Ccy="EUR">0.00</Amt>
        <CdtDbtInd>CRDT</CdtDbtInd>
        <Dt>
          <Dt>2025-11-28</Dt>
        </Dt>
      </Bal>
      <Bal>
        <Tp>
          <CdOrPrtry>
            <Cd>CLAV</Cd>
          </CdOrPrtry>
        </Tp>
        <Amt Ccy="EUR">0.00</Amt>
        <CdtDbtInd>CRDT</CdtDbtInd>
        <Dt>
          <Dt>2025-11-28</Dt>
        </Dt>
      </Bal>
      <Bal>
        <Tp>
          <CdOrPrtry>
            <Cd>FWAV</Cd>
          </CdOrPrtry>
        </Tp>
        <Amt Ccy="EUR">0.00</Amt>
        <CdtDbtInd>CRDT</CdtDbtInd>
        <Dt>
          <Dt>2025-11-29</Dt>
        </Dt>
      </Bal>
      <Bal>
        <Tp>
          <CdOrPrtry>
            <Cd>FWAV</Cd>
          </CdOrPrtry>
        </Tp>
        <Amt Ccy="EUR">0.00</Amt>
        <CdtDbtInd>CRDT</CdtDbtInd>
        <Dt>
          <Dt>2025-11-30</Dt>
        </Dt>
      </Bal>
      <Bal>
        <Tp>
          <CdOrPrtry>
            <Cd>FWAV</Cd>
          </CdOrPrtry>
        </Tp>
        <Amt Ccy="EUR">0.00</Amt>
        <CdtDbtInd>CRDT</CdtDbtInd>
        <Dt>
          <Dt>2025-12-01</Dt>
        </Dt>
      </Bal>
      <Bal>
        <Tp>
          <CdOrPrtry>
            <Cd>FWAV</Cd>
          </CdOrPrtry>
        </Tp>
        <Amt Ccy="EUR">0.00</Amt>
        <CdtDbtInd>CRDT</CdtDbtInd>
        <Dt>
          <Dt>2025-12-02</Dt>
        </Dt>
      </Bal>
      <TxsSummry>
        <TtlNtries>
          <NbOfNtries>4</NbOfNtries>
          <Sum>82854.76</Sum>
          <TtlNetNtryAmt>0.00</TtlNetNtryAmt>
          <CdtDbtInd>CRDT</CdtDbtInd>
        </TtlNtries>
        <TtlCdtNtries>
          <NbOfNtries>3</NbOfNtries>
          <Sum>41427.38</Sum>
        </TtlCdtNtries>
        <TtlDbtNtries>
          <NbOfNtries>1</NbOfNtries>
          <Sum>41427.38</Sum>
        </TtlDbtNtries>
        <TtlNtriesPerBkTxCd>
          <NbOfNtries>3</NbOfNtries>
          <Sum>41427.38</Sum>
          <TtlNetNtryAmt>41427.38</TtlNetNtryAmt>
          <CdtDbtInd>CRDT</CdtDbtInd>
          <BkTxCd>
            <Domn>
              <Cd>PMNT</Cd>
              <Fmly>
                <Cd>RCDT</Cd>
                <SubFmlyCd>ESCT</SubFmlyCd>
              </Fmly>
            </Domn>
            <Prtry>
              <Cd>541</Cd>
              <Issr>RABOBANK</Issr>
            </Prtry>
          </BkTxCd>
        </TtlNtriesPerBkTxCd>
        <TtlNtriesPerBkTxCd>
          <NbOfNtries>1</NbOfNtries>
          <Sum>41427.38</Sum>
          <TtlNetNtryAmt>41427.38</TtlNetNtryAmt>
          <CdtDbtInd>DBIT</CdtDbtInd>
          <BkTxCd>
            <Domn>
              <Cd>PMNT</Cd>
              <Fmly>
                <Cd>ICCN</Cd>
                <SubFmlyCd>ICCT</SubFmlyCd>
              </Fmly>
            </Domn>
            <Prtry>
              <Cd>625</Cd>
              <Issr>RABOBANK</Issr>
            </Prtry>
          </BkTxCd>
        </TtlNtriesPerBkTxCd>
      </TxsSummry>
      <Ntry>
        <NtryRef>110605</NtryRef>
        <Amt Ccy="EUR">1000.00</Amt>
        <CdtDbtInd>CRDT</CdtDbtInd>
        <Sts>BOOK</Sts>
        <BookgDt>
          <Dt>2025-11-28</Dt>
        </BookgDt>
        <ValDt>
          <Dt>2025-11-28</Dt>
        </ValDt>
        <AcctSvcrRef>00000110605:CI49CT</AcctSvcrRef>
        <BkTxCd>
          <Domn>
            <Cd>PMNT</Cd>
            <Fmly>
              <Cd>RCDT</Cd>
              <SubFmlyCd>ESCT</SubFmlyCd>
            </Fmly>
          </Domn>
          <Prtry>
            <Cd>541</Cd>
            <Issr>RABOBANK</Issr>
          </Prtry>
        </BkTxCd>
        <NtryDtls>
          <TxDtls>
            <Refs>
              <AcctSvcrRef>OO9T000000110605</AcctSvcrRef>
              <InstrId>OO9T000000110605</InstrId>
              <EndToEndId>SCT-1-BO2500109-R183</EndToEndId>
            </Refs>
            <AmtDtls>
              <TxAmt>
                <Amt Ccy="EUR">1000.00</Amt>
              </TxAmt>
            </AmtDtls>
            <BkTxCd>
              <Domn>
                <Cd>PMNT</Cd>
                <Fmly>
                  <Cd>RCDT</Cd>
                  <SubFmlyCd>ESCT</SubFmlyCd>
                </Fmly>
              </Domn>
              <Prtry>
                <Cd>541</Cd>
                <Issr>RABOBANK</Issr>
              </Prtry>
            </BkTxCd>
            <RltdPties>
              <Dbtr>
                <Nm>Rijndorp Installaties B.V.</Nm>
              </Dbtr>
              <DbtrAcct>
                <Id>
                  <IBAN>NL60RABO0375320008</IBAN>
                </Id>
              </DbtrAcct>
            </RltdPties>
            <RltdAgts>
              <DbtrAgt>
                <FinInstnId>
                  <BIC>RABONL2U</BIC>
                </FinInstnId>
              </DbtrAgt>
            </RltdAgts>
            <RmtInf>
              <Ustrd>1033173/146018352</Ustrd>
            </RmtInf>
            <RltdDts>
              <IntrBkSttlmDt>2025-11-28</IntrBkSttlmDt>
            </RltdDts>
          </TxDtls>
        </NtryDtls>
      </Ntry>
      <Ntry>
        <NtryRef>110606</NtryRef>
        <Amt Ccy="EUR">28000.00</Amt>
        <CdtDbtInd>CRDT</CdtDbtInd>
        <Sts>BOOK</Sts>
        <BookgDt>
          <Dt>2025-11-28</Dt>
        </BookgDt>
        <ValDt>
          <Dt>2025-11-28</Dt>
        </ValDt>
        <AcctSvcrRef>00000110606:CI49CT</AcctSvcrRef>
        <BkTxCd>
          <Domn>
            <Cd>PMNT</Cd>
            <Fmly>
              <Cd>RCDT</Cd>
              <SubFmlyCd>ESCT</SubFmlyCd>
            </Fmly>
          </Domn>
          <Prtry>
            <Cd>541</Cd>
            <Issr>RABOBANK</Issr>
          </Prtry>
        </BkTxCd>
        <NtryDtls>
          <TxDtls>
            <Refs>
              <AcctSvcrRef>OO9T000000110606</AcctSvcrRef>
              <InstrId>OO9T000000110606</InstrId>
              <EndToEndId>251127133613-1-4</EndToEndId>
            </Refs>
            <AmtDtls>
              <TxAmt>
                <Amt Ccy="EUR">28000.00</Amt>
              </TxAmt>
            </AmtDtls>
            <BkTxCd>
              <Domn>
                <Cd>PMNT</Cd>
                <Fmly>
                  <Cd>RCDT</Cd>
                  <SubFmlyCd>ESCT</SubFmlyCd>
                </Fmly>
              </Domn>
              <Prtry>
                <Cd>541</Cd>
                <Issr>RABOBANK</Issr>
              </Prtry>
            </BkTxCd>
            <RltdPties>
              <Dbtr>
                <Nm>Connex Loyalty GmbH</Nm>
              </Dbtr>
              <DbtrAcct>
                <Id>
                  <IBAN>AT572032010000047902</IBAN>
                </Id>
              </DbtrAcct>
            </RltdPties>
            <RltdAgts>
              <DbtrAgt>
                <FinInstnId>
                  <BIC>ASPKAT2L</BIC>
                </FinInstnId>
              </DbtrAgt>
            </RltdAgts>
            <RmtInf>
              <Ustrd>AVIS004912</Ustrd>
            </RmtInf>
            <RltdDts>
              <IntrBkSttlmDt>2025-11-28</IntrBkSttlmDt>
            </RltdDts>
          </TxDtls>
        </NtryDtls>
      </Ntry>
      <Ntry>
        <NtryRef>110607</NtryRef>
        <Amt Ccy="EUR">12427.38</Amt>
        <CdtDbtInd>CRDT</CdtDbtInd>
        <Sts>BOOK</Sts>
        <BookgDt>
          <Dt>2025-11-28</Dt>
        </BookgDt>
        <ValDt>
          <Dt>2025-11-28</Dt>
        </ValDt>
        <AcctSvcrRef>00000110607:CI49CT</AcctSvcrRef>
        <BkTxCd>
          <Domn>
            <Cd>PMNT</Cd>
            <Fmly>
              <Cd>RCDT</Cd>
              <SubFmlyCd>ESCT</SubFmlyCd>
            </Fmly>
          </Domn>
          <Prtry>
            <Cd>541</Cd>
            <Issr>RABOBANK</Issr>
          </Prtry>
        </BkTxCd>
        <NtryDtls>
          <TxDtls>
            <Refs>
              <AcctSvcrRef>OO9T000000110607</AcctSvcrRef>
              <InstrId>OO9T000000110607</InstrId>
              <EndToEndId>TX55355730600XT</EndToEndId>
            </Refs>
            <AmtDtls>
              <TxAmt>
                <Amt Ccy="EUR">12427.38</Amt>
              </TxAmt>
            </AmtDtls>
            <BkTxCd>
              <Domn>
                <Cd>PMNT</Cd>
                <Fmly>
                  <Cd>RCDT</Cd>
                  <SubFmlyCd>ESCT</SubFmlyCd>
                </Fmly>
              </Domn>
              <Prtry>
                <Cd>541</Cd>
                <Issr>RABOBANK</Issr>
              </Prtry>
            </BkTxCd>
            <RltdPties>
              <Dbtr>
                <Nm>Adyen N.V.</Nm>
              </Dbtr>
              <DbtrAcct>
                <Id>
                  <IBAN>NL92ADYB2017400998</IBAN>
                </Id>
              </DbtrAcct>
            </RltdPties>
            <RltdAgts>
              <DbtrAgt>
                <FinInstnId>
                  <BIC>ADYBNL2A</BIC>
                </FinInstnId>
              </DbtrAgt>
            </RltdAgts>
            <RmtInf>
              <Ustrd>TX55355730600XT batch 315, CP-EUGIFTVOUCHER-ECOM</Ustrd>
            </RmtInf>
            <RltdDts>
              <IntrBkSttlmDt>2025-11-28</IntrBkSttlmDt>
            </RltdDts>
          </TxDtls>
        </NtryDtls>
      </Ntry>
      <Ntry>
        <NtryRef>110608</NtryRef>
        <Amt Ccy="EUR">41427.38</Amt>
        <CdtDbtInd>DBIT</CdtDbtInd>
        <Sts>BOOK</Sts>
        <BookgDt>
          <Dt>2025-11-28</Dt>
        </BookgDt>
        <ValDt>
          <Dt>2025-11-28</Dt>
        </ValDt>
        <AcctSvcrRef>0000110608:CI23DI</AcctSvcrRef>
        <BkTxCd>
          <Domn>
            <Cd>PMNT</Cd>
            <Fmly>
              <Cd>RCDT</Cd>
              <SubFmlyCd>ESCT</SubFmlyCd>
            </Fmly>
          </Domn>
          <Prtry>
            <Cd>625</Cd>
            <Issr>RABOBANK</Issr>
          </Prtry>
        </BkTxCd>
        <NtryDtls>
          <TxDtls>
            <Refs>
              <AcctSvcrRef>OO9T000000110608</AcctSvcrRef>
              <PmtInfId>POYBCPE2025000003754</PmtInfId>
              <InstrId>OO9T000000110608</InstrId>
              <EndToEndId>POYTCPE2025000003755</EndToEndId>
            </Refs>
            <AmtDtls>
              <TxAmt>
                <Amt Ccy="EUR">41427.38</Amt>
              </TxAmt>
            </AmtDtls>
            <BkTxCd>
              <Domn>
                <Cd>PMNT</Cd>
                <Fmly>
                  <Cd>RCDT</Cd>
                  <SubFmlyCd>ESCT</SubFmlyCd>
                </Fmly>
              </Domn>
              <Prtry>
                <Cd>625</Cd>
                <Issr>RABOBANK</Issr>
              </Prtry>
            </BkTxCd>
            <RltdPties>
              <Cdtr>
                <Nm>Center Parcs Europe N.V.</Nm>
              </Cdtr>
              <CdtrAcct>
                <Id>
                  <IBAN>NL31RABO0300087233</IBAN>
                </Id>
              </CdtrAcct>
            </RltdPties>
            <RltdAgts>
              <DbtrAgt>
                <FinInstnId>
                  <BIC>RABONL2U</BIC>
                </FinInstnId>
              </DbtrAgt>
            </RltdAgts>
            <RmtInf>
              <Ustrd>CPES112800013 CC300031319/300087233</Ustrd>
            </RmtInf>
            <RltdDts>
              <IntrBkSttlmDt>2025-11-28</IntrBkSttlmDt>
            </RltdDts>
          </TxDtls>
        </NtryDtls>
      </Ntry>
    </Stmt>
  </BkToCstmrStmt>
</Document>
