<?xml version="1.0" encoding="UTF-8"?>
<Document xmlns:xsi="http://www.w3.org/2001/XMLSchema-instance" xmlns="urn:iso:std:iso:20022:tech:xsd:camt.053.001.02">
  <BkToCstmrStmt>
    <GrpHdr>
      <MsgId>STMT20251125141902</MsgId>
      <CreDtTm>2025-11-25T14:19:02</CreDtTm>
    </GrpHdr>
    <Stmt>
      <Id>STMT20251121</Id>
      <ElctrncSeqNb>1</ElctrncSeqNb>
      <CreDtTm>2025-11-25T14:19:02</CreDtTm>
      <Acct>
        <Id>
          <IBAN>NL98RABO0300031319</IBAN>
        </Id>
        <Ccy>EUR</Ccy>
        <Nm>Center Parcs Europe B.V.</Nm>
      </Acct>
      <Bal>
        <Tp>
          <CdOrPrtry>
            <Cd>PRCD</Cd>
          </CdOrPrtry>
        </Tp>
        <Amt Ccy="EUR">0.00</Amt>
        <CdtDbtInd>CRDT</CdtDbtInd>
        <Dt>
          <Dt>2025-11-20</Dt>
        </Dt>
      </Bal>
      <Bal>
        <Tp>
          <CdOrPrtry>
            <Cd>OPBD</Cd>
          </CdOrPrtry>
        </Tp>
        <Amt Ccy="EUR">0.00</Amt>
        <CdtDbtInd>CRDT</CdtDbtInd>
        <Dt>
          <Dt>2025-11-21</Dt>
        </Dt>
      </Bal>
      <Bal>
        <Tp>
          <CdOrPrtry>
            <Cd>CLBD</Cd>
          </CdOrPrtry>
        </Tp>
        <Amt Ccy="EUR">0.00</Amt>
        <CdtDbtInd>CRDT</CdtDbtInd>
        <Dt>
          <Dt>2025-11-21</Dt>
        </Dt>
      </Bal>
      <Bal>
        <Tp>
          <CdOrPrtry>
            <Cd>CLAV</Cd>
          </CdOrPrtry>
        </Tp>
        <Amt Ccy="EUR">0.00</Amt>
        <CdtDbtInd>CRDT</CdtDbtInd>
        <Dt>
          <Dt>2025-11-21</Dt>
        </Dt>
      </Bal>
      <Bal>
        <Tp>
          <CdOrPrtry>
            <Cd>FWAV</Cd>
          </CdOrPrtry>
        </Tp>
        <Amt Ccy="EUR">0.00</Amt>
        <CdtDbtInd>CRDT</CdtDbtInd>
        <Dt>
          <Dt>2025-11-22</Dt>
        </Dt>
      </Bal>
      <Bal>
        <Tp>
          <CdOrPrtry>
            <Cd>FWAV</Cd>
          </CdOrPrtry>
        </Tp>
        <Amt Ccy="EUR">0.00</Amt>
        <CdtDbtInd>CRDT</CdtDbtInd>
        <Dt>
          <Dt>2025-11-23</Dt>
        </Dt>
      </Bal>
      <Bal>
        <Tp>
          <CdOrPrtry>
            <Cd>FWAV</Cd>
          </CdOrPrtry>
        </Tp>
        <Amt Ccy="EUR">0.00</Amt>
        <CdtDbtInd>CRDT</CdtDbtInd>
        <Dt>
          <Dt>2025-11-24</Dt>
        </Dt>
      </Bal>
      <Bal>
        <Tp>
          <CdOrPrtry>
            <Cd>FWAV</Cd>
          </CdOrPrtry>
        </Tp>
        <Amt Ccy="EUR">0.00</Amt>
        <CdtDbtInd>CRDT</CdtDbtInd>
        <Dt>
          <Dt>2025-11-25</Dt>
        </Dt>
      </Bal>
      <TxsSummry>
        <TtlNtries>
          <NbOfNtries>3</NbOfNtries>
          <Sum>11980.66</Sum>
          <TtlNetNtryAmt>0.00</TtlNetNtryAmt>
          <CdtDbtInd>CRDT</CdtDbtInd>
        </TtlNtries>
        <TtlCdtNtries>
          <NbOfNtries>2</NbOfNtries>
          <Sum>5990.33</Sum>
        </TtlCdtNtries>
        <TtlDbtNtries>
          <NbOfNtries>1</NbOfNtries>
          <Sum>5990.33</Sum>
        </TtlDbtNtries>
        <TtlNtriesPerBkTxCd>
          <NbOfNtries>2</NbOfNtries>
          <Sum>5990.33</Sum>
          <TtlNetNtryAmt>5990.33</TtlNetNtryAmt>
          <CdtDbtInd>CRDT</CdtDbtInd>
          <BkTxCd>
            <Domn>
              <Cd>PMNT</Cd>
              <Fmly>
                <Cd>RCDT</Cd>
                <SubFmlyCd>ESCT</SubFmlyCd>
              </Fmly>
            </Domn>
            <Prtry>
              <Cd>541</Cd>
              <Issr>RABOBANK</Issr>
            </Prtry>
          </BkTxCd>
        </TtlNtriesPerBkTxCd>
        <TtlNtriesPerBkTxCd>
          <NbOfNtries>1</NbOfNtries>
          <Sum>5990.33</Sum>
          <TtlNetNtryAmt>5990.33</TtlNetNtryAmt>
          <CdtDbtInd>DBIT</CdtDbtInd>
          <BkTxCd>
            <Domn>
              <Cd>PMNT</Cd>
              <Fmly>
                <Cd>ICCN</Cd>
                <SubFmlyCd>ICCT</SubFmlyCd>
              </Fmly>
            </Domn>
            <Prtry>
              <Cd>625</Cd>
              <Issr>RABOBANK</Issr>
            </Prtry>
          </BkTxCd>
        </TtlNtriesPerBkTxCd>
      </TxsSummry>
      <Ntry>
        <NtryRef>110590</NtryRef>
        <Amt Ccy="EUR">684.54</Amt>
        <CdtDbtInd>CRDT</CdtDbtInd>
        <Sts>BOOK</Sts>
        <BookgDt>
          <Dt>2025-11-21</Dt>
        </BookgDt>
        <ValDt>
          <Dt>2025-11-21</Dt>
        </ValDt>
        <AcctSvcrRef>00000110590:CI49CT</AcctSvcrRef>
        <BkTxCd>
          <Domn>
            <Cd>PMNT</Cd>
            <Fmly>
              <Cd>RCDT</Cd>
              <SubFmlyCd>ESCT</SubFmlyCd>
            </Fmly>
          </Domn>
          <Prtry>
            <Cd>541</Cd>
            <Issr>RABOBANK</Issr>
          </Prtry>
        </BkTxCd>
        <NtryDtls>
          <TxDtls>
            <Refs>
              <AcctSvcrRef>OO9T000000110590</AcctSvcrRef>
              <InstrId>OO9T000000110590</InstrId>
              <EndToEndId>2114368252</EndToEndId>
            </Refs>
            <AmtDtls>
              <TxAmt>
                <Amt Ccy="EUR">684.54</Amt>
              </TxAmt>
            </AmtDtls>
            <BkTxCd>
              <Domn>
                <Cd>PMNT</Cd>
                <Fmly>
                  <Cd>RCDT</Cd>
                  <SubFmlyCd>ESCT</SubFmlyCd>
                </Fmly>
              </Domn>
              <Prtry>
                <Cd>541</Cd>
                <Issr>RABOBANK</Issr>
              </Prtry>
            </BkTxCd>
            <RltdPties>
              <Dbtr>
                <Nm>Booking.com B.V.</Nm>
              </Dbtr>
              <DbtrAcct>
                <Id>
                  <IBAN>NL15CITI2032301393</IBAN>
                </Id>
              </DbtrAcct>
            </RltdPties>
            <RltdAgts>
              <DbtrAgt>
                <FinInstnId>
                  <BIC>CITINL2X</BIC>
                </FinInstnId>
              </DbtrAgt>
            </RltdAgts>
            <RmtInf>
              <Ustrd>NO.Hr8tuPYBAZSYDOwH/ID.485157</Ustrd>
            </RmtInf>
            <RltdDts>
              <IntrBkSttlmDt>2025-11-21</IntrBkSttlmDt>
            </RltdDts>
          </TxDtls>
        </NtryDtls>
      </Ntry>
      <Ntry>
        <NtryRef>110591</NtryRef>
        <Amt Ccy="EUR">5305.79</Amt>
        <CdtDbtInd>CRDT</CdtDbtInd>
        <Sts>BOOK</Sts>
        <BookgDt>
          <Dt>2025-11-21</Dt>
        </BookgDt>
        <ValDt>
          <Dt>2025-11-21</Dt>
        </ValDt>
        <AcctSvcrRef>00000110591:CI49CT</AcctSvcrRef>
        <BkTxCd>
          <Domn>
            <Cd>PMNT</Cd>
            <Fmly>
              <Cd>RCDT</Cd>
              <SubFmlyCd>ESCT</SubFmlyCd>
            </Fmly>
          </Domn>
          <Prtry>
            <Cd>541</Cd>
            <Issr>RABOBANK</Issr>
          </Prtry>
        </BkTxCd>
        <NtryDtls>
          <TxDtls>
            <Refs>
              <AcctSvcrRef>OO9T000000110591</AcctSvcrRef>
              <InstrId>OO9T000000110591</InstrId>
              <EndToEndId>TX55206244500XT</EndToEndId>
            </Refs>
            <AmtDtls>
              <TxAmt>
                <Amt Ccy="EUR">5305.79</Amt>
              </TxAmt>
            </AmtDtls>
            <BkTxCd>
              <Domn>
                <Cd>PMNT</Cd>
                <Fmly>
                  <Cd>RCDT</Cd>
                  <SubFmlyCd>ESCT</SubFmlyCd>
                </Fmly>
              </Domn>
              <Prtry>
                <Cd>541</Cd>
                <Issr>RABOBANK</Issr>
              </Prtry>
            </BkTxCd>
            <RltdPties>
              <Dbtr>
                <Nm>Adyen N.V.</Nm>
              </Dbtr>
              <DbtrAcct>
                <Id>
                  <IBAN>NL92ADYB2017400998</IBAN>
                </Id>
              </DbtrAcct>
            </RltdPties>
            <RltdAgts>
              <DbtrAgt>
                <FinInstnId>
                  <BIC>ADYBNL2A</BIC>
                </FinInstnId>
              </DbtrAgt>
            </RltdAgts>
            <RmtInf>
              <Ustrd>TX55206244500XT batch 310, CP-EUGIFTVOUCHER-ECOM</Ustrd>
            </RmtInf>
            <RltdDts>
              <IntrBkSttlmDt>2025-11-21</IntrBkSttlmDt>
            </RltdDts>
          </TxDtls>
        </NtryDtls>
      </Ntry>
      <Ntry>
        <NtryRef>110592</NtryRef>
        <Amt Ccy="EUR">5990.33</Amt>
        <CdtDbtInd>DBIT</CdtDbtInd>
        <Sts>BOOK</Sts>
        <BookgDt>
          <Dt>2025-11-21</Dt>
        </BookgDt>
        <ValDt>
          <Dt>2025-11-21</Dt>
        </ValDt>
        <AcctSvcrRef>0000110592:CI23DI</AcctSvcrRef>
        <BkTxCd>
          <Domn>
            <Cd>PMNT</Cd>
            <Fmly>
              <Cd>RCDT</Cd>
              <SubFmlyCd>ESCT</SubFmlyCd>
            </Fmly>
          </Domn>
          <Prtry>
            <Cd>625</Cd>
            <Issr>RABOBANK</Issr>
          </Prtry>
        </BkTxCd>
        <NtryDtls>
          <TxDtls>
            <Refs>
              <AcctSvcrRef>OO9T000000110592</AcctSvcrRef>
              <PmtInfId>POYBCPE2025000003673</PmtInfId>
              <InstrId>OO9T000000110592</InstrId>
              <EndToEndId>POYTCPE2025000003674</EndToEndId>
            </Refs>
            <AmtDtls>
              <TxAmt>
                <Amt Ccy="EUR">5990.33</Amt>
              </TxAmt>
            </AmtDtls>
            <BkTxCd>
              <Domn>
                <Cd>PMNT</Cd>
                <Fmly>
                  <Cd>RCDT</Cd>
                  <SubFmlyCd>ESCT</SubFmlyCd>
                </Fmly>
              </Domn>
              <Prtry>
                <Cd>625</Cd>
                <Issr>RABOBANK</Issr>
              </Prtry>
            </BkTxCd>
            <RltdPties>
              <Cdtr>
                <Nm>Center Parcs Europe N.V.</Nm>
              </Cdtr>
              <CdtrAcct>
                <Id>
                  <IBAN>NL31RABO0300087233</IBAN>
                </Id>
              </CdtrAcct>
            </RltdPties>
            <RltdAgts>
              <DbtrAgt>
                <FinInstnId>
                  <BIC>RABONL2U</BIC>
                </FinInstnId>
              </DbtrAgt>
            </RltdAgts>
            <RmtInf>
              <Ustrd>CPES112100013 CC300031319/300087233</Ustrd>
            </RmtInf>
            <RltdDts>
              <IntrBkSttlmDt>2025-11-21</IntrBkSttlmDt>
            </RltdDts>
          </TxDtls>
        </NtryDtls>
      </Ntry>
    </Stmt>
  </BkToCstmrStmt>
</Document>
