{1:F01RABONL2UAXXX0000}
{2:O9400800251006RABONL2UAXXX0000000000N}
{3:{108:STMT202510060000}}
{{4:
:20:STMT202510060000
:25:NL48RABO0300002343
:28C:1/1
:60F:C251006EUR540498,84
:61:2510061005C384,10N100RABONL2U//2911595
:86:100 OVERSCHRIJVING VAN I.L.B.M. ELZINGA
:86:8988204469 7020056313469725 KV XUI-16389167
:86:NL85RABO0105474967
:86:06-10-2025 00:07 7020056313469725
:61:251006C320,85N541INGBNL2A//2911596
:86:541 CREDIT TRANSACTIE VAN MW B C KRUIS
:86:6198958
:86:NL64INGB0008911616
:61:251006C342,60N100RABONL2U//2911597
:86:100 OVERSCHRIJVING VAN D. BUURSINK
:86:8988383484 7020954837556023 EP XUI-19866341
:86:NL97RABO0349082782
:86:06-10-2025 05:43 7020954837556023
:61:251006C76,85N100RABONL2U//2911598
:86:100 OVERSCHRIJVING VAN J. DUINE
:86:8988441403 7020766310585195 KV XUI-83812328
:86:NL61RABO0117393401
:86:06-10-2025 07:07 7020766310585195
:61:251006C1217,36N100RABONL2U//2911599
:86:100 OVERSCHRIJVING VAN W.W.J. HURKENS EO T. HURKENS
:86:8988469641 7020145128435180 HA XUI-10240590
:86:NL61RABO0106457330
:86:06-10-2025 07:32 7020145128435180
:61:251006C3261,87N100RABONL2U//2911600
:86:100 OVERSCHRIJVING VAN W.P. VELD EO A.J.M. VAN DE VEN
:86:8988476073 7020616010317619 AG XUI-17992737
:86:NL17RABO0147122074
:86:06-10-2025 07:35 7020616010317619
:61:2510031006C374,56N541REVOGB21//2911601
:86:541 CREDIT TRANSACTIE VAN SIAN SILVER
:86:9295139   SIAN SILVER
:86:GB38REVO00997031929270
:61:251006C28,50N100RABONL2U//2911602
:86:100 OVERSCHRIJVING VAN A.J. FISCHER
:86:8988488236 7020834534526914 HH XUI-65518472
:86:NL71RABO0332334163
:86:06-10-2025 07:44 7020834534526914
:61:251006C398,00N541RABONL2UXXX//2911603
:86:541 CREDIT TRANSACTIE VAN P.F.M.M. VAN DEN MUNCKHOF
:86:RESERVERINGSNR. 3514056
:86:NL82RABO0107022559
:61:251006C4782,95N541INGBNL2A//2911604
:86:541 CREDIT TRANSACTIE VAN DE HEER A HAVERKAMP EN MEVR A HAVERKAMP
:86:BOEKINGSNUMMER 3762281
:86:NL67INGB0001506485
:61:251006C929,28N100RABONL2U//2911605
:86:100 OVERSCHRIJVING VAN K.A.M. EVERS
:86:8988532268 7020616310406575 HB XUI-30426491
:86:NL43RABO0157255972
:86:06-10-2025 08:12 7020616310406575
:61:251006C32,00N100RABONL2U//2911606
:86:100 OVERSCHRIJVING VAN L.M. SNATERSE EO P. PLOMP
:86:8988555055 7020625137317034 EH XUI-21506210
:86:NL57RABO0307153312
:86:06-10-2025 08:25 7020625137317034
:61:251006C14500000,00N699RABONL2UXXX//2911607
:86:699 GROTE TRANSACTIE VAN CENTER PARCS EUROPE B.V.
:86:ICO TRF. VAN NL31RABO0300087233 TO NL48RABO0300002343
:86:NL31RABO0300087233
:61:251006D14498648,56N586RABONL2U//2911608
:86:586 BETAALAUTOMAAT GELDOPNAME
:61:251006C661,66N541RABONL2UXXX//2911609
:86:541 CREDIT TRANSACTIE VAN J.D. VAN STEENBRUGGEN
:86:CENTERPARCS DEEL 1
:86:NL04RABO0384621473
:61:251006C1135,00N100RABONL2U//2911610
:86:100 OVERSCHRIJVING VAN P. KLEINE EO H.G. KLEINE-BAKKER
:86:8988630814 7020526331346899 ZV XUI-16899234
:86:NL15RABO0399047018
:86:06-10-2025 09:00 7020526331346899
:61:251006C763,50N541RABONL2UXXX//2911611
:86:541 CREDIT TRANSACTIE VAN A.M.H. MOLLEN
:86:BOEKINGSNUMMER  8107989
:86:NL79RABO0314621237
:61:251006C413,36N541RABONL2UXXX//2911612
:86:541 CREDIT TRANSACTIE VAN A.M.H. MOLLEN
:86:BOEKINGSNUMMER  2630088
:86:NL79RABO0314621237
:61:251006C503,25N100RABONL2U//2911613
:86:100 OVERSCHRIJVING VAN S. TCHAI EO S. WEEDA
:86:8988673582 7020285737465897 KV XUI-10484452
:86:NL68RABO0167991094
:86:06-10-2025 09:18 7020285737465897
:61:251006C12,00N100RABONL2U//2911614
:86:100 OVERSCHRIJVING VAN H.P.L. VAN DEN HEUVEL EO N.L.F. PRINSEN
:86:8988672277 7020894516437922 PZ XUI-25872988
:86:NL80RABO0310120225
:86:06-10-2025 09:18 7020894516437922
:61:251006C159,92N100RABONL2U//2911615
:86:100 OVERSCHRIJVING VAN L. VAN BEUZEKOM-DE MIK
:86:8988684274 7020606328495288 VM XUI-41154110
:86:NL36RABO0361417527
:86:06-10-2025 09:24 7020606328495288
:61:251006C186,40N100RABONL2U//2911616
:86:100 OVERSCHRIJVING VAN J. SNIJDERS
:86:8988693727 7020984237405738 HH XUI-36072119
:86:NL76RABO0384923496
:86:06-10-2025 09:28 7020984237405738
:61:251006C631,56N100RABONL2U//2911617
:86:100 OVERSCHRIJVING VAN R.A.G. MOHNEN EO J. COOLEN
:86:8988701185 7020326622376134 KV XUI-88766034
:86:NL74RABO0327085924
:86:06-10-2025 09:29 7020326622376134
:61:251006C589,77N541INGBNL2A//2911618
:86:541 CREDIT TRANSACTIE VAN MW R VAN DORSSEN, HR K DE KREEK
:86:995780
:86:NL45INGB0669676152
:86:995780
:61:251006C673,42N541RABONL2UXXX//2911619
:86:541 CREDIT TRANSACTIE VAN G.W.A.J.M. DAMEN EO J.H.F. DAMEN-DAAMS
:86:BOEKINGSNUMMER 1789436
:86:NL22RABO0130637998
:61:251006C582,24N541RABONL2UXXX//2911620
:86:541 CREDIT TRANSACTIE VAN B.J. BORST EO G. BORST-POOL
:86:BOEKINGSNUMMER 6255498
:86:NL63RABO0184511739
:61:251006C1259,95N541RABONL2UXXX//2911621
:86:541 CREDIT TRANSACTIE VAN G.W.A.J.M. DAMEN EO J.H.F. DAMEN-DAAMS
:86:BOEKINGSNUMMER 1789095
:86:NL22RABO0130637998
:61:251006C652,32N100ASNBNL21//2911647
:86:100 OVERSCHRIJVING VAN L.J.G. CILLESSEN E/O J.D.G. JACOBS
:86:8985199444 7020415716592227 EH
:86:NL57ASNB8830049816
:86:2025-10-04T12:24 7020415716592227
:61:251006C788,49N100RBRBNL21//2911648
:86:100 OVERSCHRIJVING VAN W.N. NOMEN E/O A.M. NOMEN-STAM
:86:8987159535 7020734837469023 EH
:86:NL88RBRB0695327720
:86:2025-10-05T13:16 7020734837469023
:61:251006C877,38N100INGBNL2A//2911649
:86:100 OVERSCHRIJVING VAN HR G J VAN VEEN EN/OF MW W P POSTMUS
:86:8984099498 7020986616535401 EH
:86:NL46INGB0002789882
:86:03-10-2025 20:13 7020986616535401
:61:251006C177,00N100INGBNL2A//2911650
:86:100 OVERSCHRIJVING VAN HR M K F BRUERS
:86:8987841410 7020896325560460 EH
:86:NL88INGB0000679473
:86:05-10-2025 20:04 7020896325560460
:61:251006C273,17N100INGBNL2A//2911651
:86:100 OVERSCHRIJVING VAN P A M BROKS EN MEVR N G M BROKS-RIJNDERS
:86:8986102474 7020354528561252 KM
:86:NL83INGB0001951330
:86:04-10-2025 19:36 7020354528561252
:61:251006C584,40N100INGBNL2A//2911652
:86:100 OVERSCHRIJVING VAN HR MJ HOLTERMAN,MW A HOFMANS
:86:8984143467 7020054234355410 EH
:86:NL68INGB0671610112
:86:03-10-2025 20:36 7020054234355410
:61:251006C994,83N100INGBNL2A//2911653
:86:100 OVERSCHRIJVING VAN MW AA GRASMEIJER
:86:8985204434 7020494522563292 SR
:86:NL47INGB0006462866
:86:04-10-2025 12:25 7020494522563292
:61:251006C117,00N100INGBNL2A//2911654
:86:100 OVERSCHRIJVING VAN HR M OOMS,MW R DE BOER
:86:8985048062 7020235416441393 HH
:86:NL72INGB0008810301
:86:04-10-2025 11:18 7020235416441393
:61:251006C2608,96N100INGBNL2A//2911655
:86:100 OVERSCHRIJVING VAN HR SAK VAN LOENHOUT, MW MMEJ HOPMANS
:86:8985931474 7020026931442572 LA
:86:NL92INGB0007050264
:86:04-10-2025 18:03 7020026931442572
:61:251006C274,40N100INGBNL2A//2911656
:86:100 OVERSCHRIJVING VAN HR J A R VAN ZADELHOFF
:86:8985690604 7020824216383028 KV
:86:NL65INGB0005868902
:86:04-10-2025 16:08 7020824216383028
:61:251006C1243,44N100INGBNL2A//2911657
:86:100 OVERSCHRIJVING VAN L HOFFMANN
:86:8983852154 7020155734385353 VN
:86:NL35INGB0004516292
:86:03-10-2025 18:14 7020155734385353
:61:251006C30,00N100INGBNL2A//2911658
:86:100 OVERSCHRIJVING VAN HR E HERMELING, MW NTM GIELING
:86:8987637663 7020766313439857 EH
:86:NL46INGB0002383258
:86:05-10-2025 18:08 7020766313439857
:61:251006C885,20N100INGBNL2A//2911659
:86:100 OVERSCHRIJVING VAN HR R DUIJKERS, MW R LIPS
:86:8984063648 7020395713596214 HB
:86:NL07INGB0793032318
:86:03-10-2025 19:52 7020395713596214
:61:251006C930,60N100INGBNL2A//2911660
:86:100 OVERSCHRIJVING VAN HR D STEENBERGEN
:86:8987181674 7020525113318933 LH
:86:NL83INGB0678224854
:86:05-10-2025 13:29 7020525113318933
:61:251006C542,91N100INGBNL2A//2911661
:86:100 OVERSCHRIJVING VAN MW LSM JANSEN
:86:8987104645 7020046019530937 SL
:86:NL95INGB0004765278
:86:05-10-2025 12:38 7020046019530937
:61:251006C152,16N100INGBNL2A//2911662
:86:100 OVERSCHRIJVING VAN MW DHJ VERPAALEN
:86:8987690314 7020226628589836 VM
:86:NL02INGB0008675664
:86:05-10-2025 18:37 7020226628589836
:61:251006C696,48N100INGBNL2A//2911663
:86:100 OVERSCHRIJVING VAN HR R VAN GIESEN
:86:8986910929 7020676637319035 PZ
:86:NL42INGB0007267765
:86:05-10-2025 10:45 7020676637319035
:61:251006C128,75N100INGBNL2A//2911664
:86:100 OVERSCHRIJVING VAN HR H T BIJSTERBOSCH EN MW T P BIJSTERBOSCH
:86:8985132567 7020884213381246 LH
:86:NL72INGB0003290322
:86:04-10-2025 11:53 7020884213381246
:61:251006C414,60N100INGBNL2A//2911665
:86:100 OVERSCHRIJVING VAN HR JP BLIJS
:86:8985303451 7020064222383382 EP
:86:NL93INGB0656811730
:86:04-10-2025 13:12 7020064222383382
:61:251006C425,15N100INGBNL2A//2911666
:86:100 OVERSCHRIJVING VAN MW J VAN DER VORST
:86:8986979520 7020686631348120 LH
:86:NL57INGB0004095304
:86:05-10-2025 11:26 7020686631348120
:61:251006C1328,30N100INGBNL2A//2911667
:86:100 OVERSCHRIJVING VAN HR RN VOGELAAR, MW SCAH VOGELAAR-WIECHERS
:86:8983640386 7020065134504345 VM
:86:NL02INGB0007117456
:86:03-10-2025 16:45 7020065134504345
:61:251006C400,60N100ASNBNL21//2911668
:86:100 OVERSCHRIJVING VAN S.J. VAN KAMPEN
:86:8985453191 7020406322533691 HH
:86:NL93ASNB8850819293
:86:2025-10-04T14:23 7020406322533691
:61:251006C1161,04N100INGBNL2A//2911669
:86:100 OVERSCHRIJVING VAN MW V VERHOEVEN
:86:8987885658 7020584234351000 HA
:86:NL30INGB0008790978
:86:05-10-2025 20:26 7020584234351000
:61:251006C339,22N100INGBNL2A//2911670
:86:100 OVERSCHRIJVING VAN DJ VAN DE NIEUWENDIJK-BOON,HR MTM VAN DER 
:86:8985925461 7020665725502536 BT
:86:NL57INGB0005342627
:86:04-10-2025 18:00 7020665725502536
:61:251006C1222,60N100INGBNL2A//2911671
:86:100 OVERSCHRIJVING VAN MW E DE VREE-REYNDERS, HR F DE VREE
:86:8987885039 7020325722590445 ZV
:86:NL90INGB0006100282
:86:05-10-2025 20:26 7020325722590445
:61:251006C260,30N100INGBNL2A//2911672
:86:100 OVERSCHRIJVING VAN HR JCMC VAN BEERS, MW CAEM VAN BEERS-JONGM
:86:8985900256 7020486337442473 HH
:86:NL50INGB0659564491
:86:04-10-2025 17:47 7020486337442473
:61:251006C658,95N100INGBNL2A//2911673
:86:100 OVERSCHRIJVING VAN MW J PIJNENBURG
:86:8987497036 7020544537320970 HH
:86:NL12INGB0003609174
:86:05-10-2025 16:46 7020544537320970
:61:251006C156,40N100INGBNL2A//2911674
:86:100 OVERSCHRIJVING VAN MW J T LAMBERINK-BAKKER EN/OF HR B LAMBERI
:86:8987494180 7020915416499284 EP
:86:NL73INGB0002450672
:86:05-10-2025 16:46 7020915416499284
:61:251006C713,20N100INGBNL2A//2911675
:86:100 OVERSCHRIJVING VAN HR T H N VAN NISPENRODE
:86:8987873836 7020484831320331 HB
:86:NL23INGB0005948519
:86:05-10-2025 20:22 7020484831320331
:61:251006C3,24N100INGBNL2A//2911676
:86:100 OVERSCHRIJVING VAN HR M F J ENTHOVEN EN/OF MW M E TEN DOLLE
:86:8985420052 7020984519353493 EH
:86:NL42INGB0688234828
:86:04-10-2025 14:05 7020984519353493
:61:251006C1000,00N100SNSBNL2A//2911677
:86:100 OVERSCHRIJVING VAN W. HUKKER E/O A. LUIJMES
:86:8984923032 7020376616321945 TH
:86:NL93SNSB0906126797
:86:2025-10-04T10:23 7020376616321945
:61:251006C250,00N100INGBNL2A//2911678
:86:100 OVERSCHRIJVING VAN HR R DRENTH,MW C DEN OTTER
:86:8987009163 7020115725590205 HE
:86:NL51INGB0755810589
:86:05-10-2025 11:41 7020115725590205
:61:251006C732,63N100SNSBNL2A//2911679
:86:100 OVERSCHRIJVING VAN J.M. SCHAVEMAKER E/O J. VD RHEE
:86:8987627232 7020664519378294 SL
:86:NL14SNSB0892161868
:86:2025-10-05T18:05 7020664519378294
:61:251006C1190,46N100SNSBNL2A//2911680
:86:100 OVERSCHRIJVING VAN B. SCHOFFELMEER-GOOSSEN E/O R.N.M. SCHOFFE
:86:8987633059 7020856622529791 KV
:86:NL77SNSB0941888657
:86:2025-10-05T18:06 7020856622529791
:61:251006C1065,80N100INGBNL2A//2911681
:86:100 OVERSCHRIJVING VAN MW A SLOEP E/O HR R C HOORN
:86:8983533920 7020664831386187 HB
:86:NL65INGB0003435851
:86:03-10-2025 16:01 7020664831386187
:61:251006C246,40N100INGBNL2A//2911682
:86:100 OVERSCHRIJVING VAN HR M WASSENBERG
:86:8983737864 7020276613415770 KV
:86:NL26INGB0009113090
:86:03-10-2025 17:25 7020276613415770
:61:251006C28,00N100ABNANL2A//2911683
:86:100 OVERSCHRIJVING VAN L VONK
:86:8987223994 7020055416500889 AR
:86:NL65ABNA0501748768
:86:05-10-2025 13:53 7020055416500889
:61:251006C1833,10N100ABNANL2A//2911684
:86:100 OVERSCHRIJVING VAN M VAN BERKEL CJ
:86:8985965230 7020634231323256 HH
:86:NL05ABNA0627795625
:86:04-10-2025 18:20 7020634231323256
:61:251006C50,00N100ABNANL2A//2911685
:86:100 OVERSCHRIJVING VAN C WELTEVREDEN CJ
:86:8986899957 7020276928320574 VM
:86:NL11ABNA0876877161
:86:05-10-2025 10:37 7020276928320574
:61:251006C436,25N100ABNANL2A//2911686
:86:100 OVERSCHRIJVING VAN IJ MUNSTER CJ
:86:8987218015 7020704537349179 LH
:86:NL90ABNA0619569077
:86:05-10-2025 13:54 7020704537349179
:61:251006C30,00N100ABNANL2A//2911687
:86:100 OVERSCHRIJVING VAN FAC VAN DELFT CJ
:86:8987255074 7020484531378876 MD
:86:NL69ABNA0498788741
:86:05-10-2025 14:11 7020484531378876
:61:251006C561,20N100ABNANL2A//2911688
:86:100 OVERSCHRIJVING VAN MTJ KROOS VAN DEN BROEK
:86:8987188568 7020245425529725 HB
:86:NL84ABNA0524270856
:86:05-10-2025 13:31 7020245425529725
:61:251006C534,65N100ABNANL2A//2911689
:86:100 OVERSCHRIJVING VAN T DE NOOIJER
:86:8985760528 7020145728441750 HH
:86:NL79ABNA0490365469
:86:04-10-2025 16:40 7020145728441750
:61:251006C78,50N100ABNANL2A//2911690
:86:100 OVERSCHRIJVING VAN TCM SAUVE CJ
:86:8987485866 7020986316410760 HE
:86:NL71ABNA0504709003
:86:05-10-2025 16:40 7020986316410760
:61:251006C775,80N100ABNANL2A//2911691
:86:100 OVERSCHRIJVING VAN HJE PEETERS
:86:8986896342 7020144825470835 MD
:86:NL41ABNA0610976923
:86:05-10-2025 10:34 7020144825470835
:61:251006C642,40N100ABNANL2A//2911692
:86:100 OVERSCHRIJVING VAN R SMITS CJ
:86:8985062222 7020634225321450 SR
:86:NL56ABNA0467149127
:86:04-10-2025 11:23 7020634225321450
:61:251006C388,42N100ABNANL2A//2911693
:86:100 OVERSCHRIJVING VAN BLOKVOORT H W CJ
:86:8983730266 7020975134505839 EH
:86:NL52ABNA0631514147
:86:03-10-2025 17:21 7020975134505839
:61:251006C373,92N100ABNANL2A//2911694
:86:100 OVERSCHRIJVING VAN E DE JONG
:86:8987521981 7020636613530001 EH
:86:NL25ABNA0538253207
:86:05-10-2025 17:01 7020636613530001
:61:251006C141,50N100ABNANL2A//2911695
:86:100 OVERSCHRIJVING VAN IPE VIEVERMANS
:86:8983760357 7020455131476715 EH
:86:NL90ABNA0520725883
:86:03-10-2025 17:33 7020455131476715
:61:251006C319,40N100ABNANL2A//2911696
:86:100 OVERSCHRIJVING VAN SIEM DE BAKKER
:86:8986343475 7020625410352380 MD
:86:NL12ABNA0562927816
:86:04-10-2025 22:41 7020625410352380
:61:251006C525,90N100ABNANL2A//2911697
:86:100 OVERSCHRIJVING VAN R LUIJSTERBURG CJ
:86:8987771632 7020764219379164 PZ
:86:NL61ABNA0525942289
:86:05-10-2025 19:25 7020764219379164
:61:251006C59,00N100ABNANL2A//2911698
:86:100 OVERSCHRIJVING VAN B DE GROOT CJ
:86:8984601503 7020896610591876 EH
:86:NL20ABNA0437412679
:86:04-10-2025 05:58 7020896610591876
:61:251006C190,50N100ABNANL2A//2911699
:86:100 OVERSCHRIJVING VAN HOO H E DE
:86:8985893649 7020346037351072 KV
:86:NL34ABNA0972456376
:86:04-10-2025 17:43 7020346037351072
:61:251006C160,00N100ABNANL2A//2911700
:86:100 OVERSCHRIJVING VAN JE VAN DEN BERG CJ
:86:8986774410 7020825116410844 BS
:86:NL82ABNA0400964589
:86:05-10-2025 09:13 7020825116410844
:61:251006C62,00N100ABNANL2A//2911702
:86:100 OVERSCHRIJVING VAN LWC SMITS CJ
:86:8987468127 7020985134380415 BF
:86:NL31ABNA0461095904
:86:05-10-2025 16:27 7020985134380415
:61:251006C505,60N100ABNANL2A//2911703
:86:100 OVERSCHRIJVING VAN ZEGSTROO J O
:86:8985908274 7020365716351648 HB
:86:NL16ABNA0816433461
:86:04-10-2025 17:53 7020365716351648
:61:251006C704,16N100ABNANL2A//2911704
:86:100 OVERSCHRIJVING VAN RA MISURACA
:86:8985510116 7020556613381126 EH
:86:NL09ABNA0618996974
:86:04-10-2025 14:45 7020556613381126
:61:251006C393,00N100ABNANL2A//2911705
:86:100 OVERSCHRIJVING VAN TL BRUGGEMANN
:86:8987928831 7020204510438357 EP
:86:NL54ABNA0105984892
:86:05-10-2025 20:50 7020204510438357
:61:251006C454,30N100ABNANL2A//2911706
:86:100 OVERSCHRIJVING VAN B A BROEKMAN
:86:8988115677 7020985725439743 LH
:86:NL11ABNA0626808251
:86:05-10-2025 22:46 7020985725439743
:61:251006C90,00N100ABNANL2A//2911707
:86:100 OVERSCHRIJVING VAN JGM KERKLAAN VAN VLIJMEN
:86:8985886272 7020606625592617 EH
:86:NL56ABNA0450794733
:86:04-10-2025 17:41 7020606625592617
:61:251006C730,38N100ABNANL2A//2911708
:86:100 OVERSCHRIJVING VAN M M VAN WOENSEL
:86:8985885113 7020396922352059 KM
:86:NL27ABNA0448083620
:86:04-10-2025 17:41 7020396922352059
:61:251006C1034,70N100ABNANL2A//2911709
:86:100 OVERSCHRIJVING VAN DYLAN HIDDINK
:86:8985430471 7020185431561288 SR
:86:NL51ABNA0498609324
:86:04-10-2025 14:09 7020185431561288
:61:251006C1262,70N100ABNANL2A//2911710
:86:100 OVERSCHRIJVING VAN PJC EMMEN
:86:8988160706 7020136931500811 KV
:86:NL62ABNA0493799478
:86:05-10-2025 23:22 7020136931500811
:61:251006C134,00N100ABNANL2A//2911711
:86:100 OVERSCHRIJVING VAN HD KAASTRA
:86:8985239754 7020955110442446 KV
:86:NL72ABNA0515221651
:86:04-10-2025 12:41 7020955110442446
:61:251006C680,85N100ABNANL2A//2911712
:86:100 OVERSCHRIJVING VAN S STRAUB
:86:8985298360 7020635716353787 SL
:86:NL38ABNA0431816425
:86:04-10-2025 13:10 7020635716353787
:61:251006C211,75N100ABNANL2A//2911713
:86:100 OVERSCHRIJVING VAN MELISSA VAN DER VLUGT
:86:8988217596 7020944816559701 VM
:86:NL24ABNA0493457364
:86:06-10-2025 00:26 7020944816559701
:61:251006C1073,94N100ABNANL2A//2911714
:86:100 OVERSCHRIJVING VAN GERRIT HAVERHOEK RECYCLI
:86:8986913701 7020216631588192 SL
:86:NL57ABNA0466503865
:86:05-10-2025 10:45 7020216631588192
:61:251006C439,35N100ABNANL2A//2911715
:86:100 OVERSCHRIJVING VAN J E ASTELEIJNER CJ
:86:8984090900 7020525134324591 HE
:86:NL15ABNA0126388768
:86:03-10-2025 20:08 7020525134324591
:61:251006C471,70N100ABNANL2A//2911716
:86:100 OVERSCHRIJVING VAN MJC JERESKES
:86:8984999613 7020245110412692 KV
:86:NL95ABNA0598686924
:86:04-10-2025 10:58 7020245110412692
:61:251006C295,20N100ABNANL2A//2911717
:86:100 OVERSCHRIJVING VAN Z POCORNI
:86:8987756857 7020896010500130 HH
:86:NL86ABNA0560631561
:86:05-10-2025 19:16 7020896010500130
:61:251006C526,19N100ABNANL2A//2911718
:86:100 OVERSCHRIJVING VAN SJJW STRIK CJ
:86:8984402112 7020256622564111 EH
:86:NL77ABNA0405435797
:86:03-10-2025 23:56 7020256622564111
:61:251006C307,00N100ABNANL2A//2911719
:86:100 OVERSCHRIJVING VAN T Z H JARWAN
:86:8986342549 7020036934412572 MD
:86:NL96ABNA0112890245
:86:04-10-2025 22:41 7020036934412572
:61:251006C30,00N100ABNANL2A//2911720
:86:100 OVERSCHRIJVING VAN R EVERTZ CJ
:86:8984927052 7020135125411552 TF
:86:NL38ABNA0559405278
:86:04-10-2025 10:27 7020135125411552
:61:251006C702,80N100ABNANL2A//2911721
:86:100 OVERSCHRIJVING VAN PELT G J VAN JR
:86:8984995140 7020114225502896 KV
:86:NL44ABNA0838380565
:86:04-10-2025 10:55 7020114225502896
:61:251006C647,24N100INGBNL2A//2911722
:86:100 OVERSCHRIJVING VAN MW ES GROB-DIEPEVEEN, HR S GROB
:86:8985881779 7020624822533670 EH
:86:NL85INGB0751920762
:86:04-10-2025 17:38 7020624822533670
:61:251006C403,50N100INGBNL2A//2911723
:86:100 OVERSCHRIJVING VAN HR EJM VAN KEMPEN
:86:8984889174 7020004519563385 HH
:86:NL94INGB0002249213
:86:04-10-2025 10:08 7020004519563385
:61:251006C532,48N100INGBNL2A//2911724
:86:100 OVERSCHRIJVING VAN MW R VAN LEEUWEN,HR PJ VAN WINGERDEN
:86:8987532966 7020466928410148 BT
:86:NL91INGB0006661215
:86:05-10-2025 17:08 7020466928410148
:61:251006C1276,35N100INGBNL2A//2911725
:86:100 OVERSCHRIJVING VAN HR W WEBER,MW EAM HENDRIKS
:86:8985963388 7020175428592368 KV
:86:NL12INGB0528121057
:86:04-10-2025 18:19 7020175428592368
:61:251006C494,08N100INGBNL2A//2911726
:86:100 OVERSCHRIJVING VAN MW J J A M VAN DER LEE
:86:8983592730 7020764825566250 ZV
:86:NL93INGB0008063023
:86:03-10-2025 16:24 7020764825566250
:61:251006C1559,40N100INGBNL2A//2911727
:86:100 OVERSCHRIJVING VAN HR NJ FILARSKI
:86:8986383354 7020616031351342 HB
:86:NL14INGB0007498159
:86:04-10-2025 23:18 7020616031351342
:61:251006C392,91N100INGBNL2A//2911728
:86:100 OVERSCHRIJVING VAN HR SP BOUMA, MW S VAN WOENSEL
:86:8987836303 7020606928558300 EH
:86:NL16INGB0756884233
:86:05-10-2025 20:01 7020606928558300
:61:251006C1151,65N100INGBNL2A//2911729
:86:100 OVERSCHRIJVING VAN HR S J A EN MW T J F M KOUWENBERG-VD SANDE
:86:8987252154 7020746931438687 KV
:86:NL38INGB0004087886
:86:05-10-2025 14:11 7020746931438687
:61:251006C1398,04N100INGBNL2A//2911730
:86:100 OVERSCHRIJVING VAN MW C A M WARBOUT EN/OF HR J C G M DE GROOT
:86:8983996335 7020794837564525 EH
:86:NL10INGB0666647569
:86:03-10-2025 19:20 7020794837564525
:61:251006C730,90N100ABNANL2A//2911701
:86:100 OVERSCHRIJVING VAN CH PERDON CJ
:86:8987656025 7020574816350607 PZ
:86:NL10ABNA0450017621
:86:05-10-2025 18:18 7020574816350607
:61:251006C248,26N100SNSBNL2A//2911622
:86:100 OVERSCHRIJVING VAN K. VERHOEVEN E/O R.P.J. BROEKSTEEG
:86:8987559555 7020644534560805 HE
:86:NL51SNSB0705771628
:86:2025-10-05T17:23 7020644534560805
:61:251006C548,70N100SNSBNL2A//2911623
:86:100 OVERSCHRIJVING VAN E.V. VAN HOUT
:86:8986392361 7020746634592332 EP
:86:NL43SNSB0866830863
:86:2025-10-04T23:29 7020746634592332
:61:251006C1581,36N100INGBNL2A//2911624
:86:100 OVERSCHRIJVING VAN HR AA STAAL
:86:8984988886 7020856310322614 EP
:86:NL52INGB0703814400
:86:04-10-2025 10:52 7020856310322614
:61:251006C2339,80N100INGBNL2A//2911625
:86:100 OVERSCHRIJVING VAN HR S KRIEGER,MW EH VOGELZANG
:86:8984103819 7020895116444222 KV
:86:NL69INGB0672516268
:86:03-10-2025 20:16 7020895116444222
:61:251006C2091,84N100INGBNL2A//2911626
:86:100 OVERSCHRIJVING VAN HR P M HARTEVELD
:86:8986106177 7020246616353052 MD
:86:NL41INGB0005009041
:86:04-10-2025 19:38 7020246616353052
:61:251006C155,40N100INGBNL2A//2911627
:86:100 OVERSCHRIJVING VAN HR JM KNIJN,MW J KNIJN-JIMMINK
:86:8986977526 7020926916380061 EH
:86:NL05INGB0000781459
:86:05-10-2025 11:27 7020926916380061
:61:251006C595,80N100INGBNL2A//2911628
:86:100 OVERSCHRIJVING VAN HR R DIJKSTRA
:86:8987723757 7020444837560844 EH
:86:NL37INGB0000592121
:86:05-10-2025 18:57 7020444837560844
:61:251006C401,80N100INGBNL2A//2911629
:86:100 OVERSCHRIJVING VAN HR E LEMCKERT
:86:8984068535 7020095722384360 HH
:86:NL58INGB0000707464
:86:03-10-2025 19:56 7020095722384360
:61:251006C510,96N100INGBNL2A//2911630
:86:100 OVERSCHRIJVING VAN MW M HOEKSTRA EN/OF HR K HOEKSTRA
:86:8985153158 7020824813323223 ZV
:86:NL19INGB0005156198
:86:04-10-2025 12:03 7020824813323223
:61:251006C26,00N100INGBNL2A//2911631
:86:100 OVERSCHRIJVING VAN MW M SANTOS SALLES
:86:8987800254 7020045722318204 HH
:86:NL49INGB0003981958
:86:05-10-2025 19:41 7020045722318204
:61:251006C65,00N100INGBNL2A//2911632
:86:100 OVERSCHRIJVING VAN GE DEN HEIJER
:86:8986250007 7020406937563388 VM
:86:NL46INGB0003185739
:86:04-10-2025 21:22 7020406937563388
:61:251006C5,00N100INGBNL2A//2911633
:86:100 OVERSCHRIJVING VAN MW RML VAN DER MEER
:86:8984740035 7020046310413319 HB
:86:NL13INGB0008788568
:86:04-10-2025 08:49 7020046310413319
:61:251006C65,70N100INGBNL2A//2911634
:86:100 OVERSCHRIJVING VAN MW WJ ANSEMS,HR JCLD ANSEMS
:86:8987476524 7020516025560265 KV
:86:NL78INGB0003554927
:86:05-10-2025 16:33 7020516025560265
:61:251006C92,00N100INGBNL2A//2911635
:86:100 OVERSCHRIJVING VAN MW BJMI VAN DIJK
:86:8987007129 7020454528589170 VM
:86:NL22INGB0793596394
:86:05-10-2025 11:41 7020454528589170
:61:251006C59,00N100SNSBNL2A//2911636
:86:100 OVERSCHRIJVING VAN J.E.P. RIETHOVEN
:86:8986221921 7020096925562098 HB
:86:NL02SNSB0902014471
:86:2025-10-04T20:59 7020096925562098
:61:251006C777,00N100SNSBNL2A//2911637
:86:100 OVERSCHRIJVING VAN T.J.A. SLUIZEMAN E/O M. KLOOSTERBOER
:86:8984146565 7020135413355872 TH
:86:NL62SNSB0706139836
:86:2025-10-03T20:40 7020135413355872
:61:251006C519,02N100INGBNL2A//2911638
:86:100 OVERSCHRIJVING VAN LARS KOMIN
:86:8987670169 7020714222320025 EH
:86:NL81INGB0008497702
:86:05-10-2025 18:27 7020714222320025
:61:251006C250,00N100INGBNL2A//2911639
:86:100 OVERSCHRIJVING VAN HR B GOVERTS,MW M GOVERTS-DE KLERK
:86:8987429449 7020134222590202 EP
:86:NL79INGB0752703951
:86:05-10-2025 16:02 7020134222590202
:61:251006C124,00N100INGBNL2A//2911640
:86:100 OVERSCHRIJVING VAN HR J MARINELLI,MW S VOSKUILEN
:86:8987482069 7020414816410397 VM
:86:NL97INGB0101239211
:86:05-10-2025 16:35 7020414816410397
:61:251006C32,85N100INGBNL2A//2911641
:86:100 OVERSCHRIJVING VAN MW Y E CALJOUW
:86:8987014120 7020156034408591 HH
:86:NL57INGB0006850492
:86:05-10-2025 11:44 7020156034408591
:61:251006C866,70N100SNSBNL2A//2911642
:86:100 OVERSCHRIJVING VAN N.M.L.G. COBBEN E/O S.J.C. VAN DER MEULEN
:86:8983174276 7020734231324120 MD
:86:NL33SNSB0896158896
:86:2025-10-03T13:38 7020734231324120
:61:251006C108,46N100INGBNL2A//2911643
:86:100 OVERSCHRIJVING VAN MW IJM TERVOORT
:86:8986987934 7020644522499665 HB
:86:NL14INGB0686173694
:86:05-10-2025 11:30 7020644522499665
:61:251006C381,00N100INGBNL2A//2911644
:86:100 OVERSCHRIJVING VAN MW JGH ERKENS
:86:8985000748 7020676928471972 HE
:86:NL50INGB0755619420
:86:04-10-2025 10:57 7020676928471972
:61:251006C21,00N100INGBNL2A//2911645
:86:100 OVERSCHRIJVING VAN MW CCC TENTEN
:86:8985859212 7020566910472518 SL
:86:NL42INGB0794142435
:86:04-10-2025 17:26 7020566910472518
:61:251006C586,20N100INGBNL2A//2911646
:86:100 OVERSCHRIJVING VAN HR A TRBOVIC
:86:8984872451 7020245419412431 HH
:86:NL68INGB0003963768
:86:04-10-2025 10:01 7020245419412431
:61:251006C530,00N100SNSBNL2A//2911811
:86:100 OVERSCHRIJVING VAN H.M.J. HUNTJENS
:86:8987747873 7020444810438873 TH
:86:NL61SNSB0821168177
:86:2025-10-05T19:10 7020444810438873
:61:251006C24,00N100INGBNL2A//2911731
:86:100 OVERSCHRIJVING VAN MW MC VAN WAGENINGEN
:86:8984804639 7020606922323841 TH
:86:NL80INGB0754894096
:86:04-10-2025 09:25 7020606922323841
:61:251006C39,40N100SNSBNL2A//2911732
:86:100 OVERSCHRIJVING VAN J.E.G. LUIK E/O A.E. LUIK-VAN ,T HUL
:86:8983176679 7020954225594243 LH
:86:NL65SNSB0906925029
:86:2025-10-03T13:38 7020954225594243
:61:251006C250,00N100SNSBNL2A//2911733
:86:100 OVERSCHRIJVING VAN W. BOMERS E/O B. DE VRIES
:86:8983171884 7020004222416889 HH
:86:NL03SNSB8845556107
:86:2025-10-03T13:35 7020004222416889
:61:251006C75,00N100INGBNL2A//2911734
:86:100 OVERSCHRIJVING VAN MW FK KAMKES
:86:8986992503 7020176013560376 EH
:86:NL77INGB0008578575
:86:05-10-2025 11:31 7020176013560376
:61:251006C363,50N100INGBNL2A//2911735
:86:100 OVERSCHRIJVING VAN HR FPJ VAN DIJK,MW EPM BRONSWIJK
:86:8987615710 7020044234500307 HH
:86:NL07INGB0005507748
:86:05-10-2025 17:58 7020044234500307
:61:251006C936,96N100INGBNL2A//2911736
:86:100 OVERSCHRIJVING VAN HR PA VAN DER MEIJDEN, M GORTEMOLLER
:86:8987909685 7020534228409410 SL
:86:NL77INGB0004844948
:86:05-10-2025 20:40 7020534228409410
:61:251006C392,10N100INGBNL2A//2911737
:86:100 OVERSCHRIJVING VAN HR A MORAAL
:86:8987502257 7020455413409980 KV
:86:NL54INGB0750108681
:86:05-10-2025 16:53 7020455413409980
:61:251006C65,00N100RBRBNL21//2911738
:86:100 OVERSCHRIJVING VAN A.W. VELDKAMP E/O M. VAN VELSEN-VELDKAMP
:86:8987146732 7020575137440469 EH
:86:NL11RBRB0928980669
:86:2025-10-05T13:05 7020575137440469
:61:251006C688,75N100ABNANL2A//2911739
:86:100 OVERSCHRIJVING VAN H KOESLAG CJ
:86:8983533295 7020566319354618 HH
:86:NL20ABNA0591009366
:86:03-10-2025 16:02 7020566319354618
:61:251006C168,70N100ABNANL2A//2911740
:86:100 OVERSCHRIJVING VAN JP LINDENBERGH
:86:8983530905 7020175725356373 HH
:86:NL50ABNA0501252592
:86:03-10-2025 16:00 7020175725356373
:61:251006C109,14N100INGBNL2A//2911741
:86:100 OVERSCHRIJVING VAN MW MA RIETDIJK,HR OV HOEK
:86:8987025207 7020165719500511 PZ
:86:NL78INGB0527370932
:86:05-10-2025 11:54 7020165719500511
:61:251006C199,00N100INGBNL2A//2911742
:86:100 OVERSCHRIJVING VAN HR AV VAN HARTEN,WR VAN HARTEN-SPEKSNIJDER
:86:8987478002 7020415422438384 EH
:86:NL81INGB0007988840
:86:05-10-2025 16:34 7020415422438384
:61:251006C382,40N100INGBNL2A//2911743
:86:100 OVERSCHRIJVING VAN HR M KARAMALI
:86:8985794520 7020305416442545 MD
:86:NL43INGB0001287503
:86:04-10-2025 16:56 7020305416442545
:61:251006C581,30N100INGBNL2A//2911744
:86:100 OVERSCHRIJVING VAN MW R A WIJNANDS
:86:8987607549 7020836025469836 KV
:86:NL21INGB0007092088
:86:05-10-2025 17:54 7020836025469836
:61:251006C519,60N100SNSBNL2A//2911745
:86:100 OVERSCHRIJVING VAN R.M. DINGSHOFF E/O F.A.D. DINGSHOFF-VENING
:86:8983211834 7020245113595344 HB
:86:NL02SNSB0924844973
:86:2025-10-03T13:54 7020245113595344
:61:251006C49,00N100INGBNL2A//2911746
:86:100 OVERSCHRIJVING VAN HR AC VERBAAN
:86:8986240016 7020165134591504 PZ
:86:NL88INGB0002327600
:86:04-10-2025 21:11 7020165134591504
:61:251006C2922,45N100INGBNL2A//2911747
:86:100 OVERSCHRIJVING VAN DANA GANOT MARKETING
:86:8987261399 7020315737589803 LH
:86:NL33INGB0774169230
:86:05-10-2025 14:16 7020315737589803
:61:251006C124,00N100INGBNL2A//2911748
:86:100 OVERSCHRIJVING VAN MW M VALENT EN/OF HR D F J P TUNNISSEN
:86:8985899223 7020404219323736 EH
:86:NL44INGB0000603829
:86:04-10-2025 17:47 7020404219323736
:61:251006C311,70N100INGBNL2A//2911749
:86:100 OVERSCHRIJVING VAN HR R VAN DEN BELT
:86:8987893087 7020954816438363 SR
:86:NL80INGB0686630637
:86:05-10-2025 20:29 7020954816438363
:61:251006C2208,24N100INGBNL2A//2911750
:86:100 OVERSCHRIJVING VAN FB DESIGN
:86:8987464684 7020395110409479 SL
:86:NL21INGB0004441466
:86:05-10-2025 16:25 7020395110409479
:61:251006C821,60N100INGBNL2A//2911751
:86:100 OVERSCHRIJVING VAN HR DR JMIH GHO,MW HJ BROUWER
:86:8985792528 7020304210532908 EP
:86:NL93INGB0796719098
:86:04-10-2025 16:57 7020304210532908
:61:251006C1768,70N100INGBNL2A//2911752
:86:100 OVERSCHRIJVING VAN MW W G ADRIAANS-VAN LENT E/O HR J W A ADRI
:86:8987850002 7020715122348150 VN
:86:NL36INGB0008187045
:86:05-10-2025 20:08 7020715122348150
:61:251006C82,50N100INGBNL2A//2911753
:86:100 OVERSCHRIJVING VAN JT DE GROOT,MW A SCHIPPERS
:86:8984121723 7020516013356211 KV
:86:NL66INGB0397871686
:86:03-10-2025 20:26 7020516013356211
:61:251006C2147,56N100INGBNL2A//2911754
:86:100 OVERSCHRIJVING VAN MW A P F SMITS
:86:8985102673 7020636613381552 EH
:86:NL36INGB0004215089
:86:04-10-2025 11:40 7020636613381552
:61:251006C676,20N100INGBNL2A//2911755
:86:100 OVERSCHRIJVING VAN HR P DE JONG,MW YS ZUIDEMA
:86:8987376881 7020926910498654 HH
:86:NL12INGB0795453833
:86:05-10-2025 15:30 7020926910498654
:61:251006C57,00N100INGBNL2A//2911756
:86:100 OVERSCHRIJVING VAN MW M HEIJNEN-VAN DE GROEP,HR LWJ HEIJNEN
:86:8983652348 7020124513595806 SL
:86:NL06INGB0666403686
:86:03-10-2025 16:50 7020124513595806
:61:251006C787,30N100SNSBNL2A//2911757
:86:100 OVERSCHRIJVING VAN C.C.J. LINDERS E/O T.P.M.M. VLUGGEN
:86:8983761842 7020196313356007 KV
:86:NL23SNSB8839157530
:86:2025-10-03T17:36 7020196313356007
:61:251006C250,00N100SNSBNL2A//2911758
:86:100 OVERSCHRIJVING VAN R. MONTAGNE
:86:8987555651 7020385722529293 HH
:86:NL14SNSB0908201303
:86:2025-10-05T17:22 7020385722529293
:61:251006C363,20N100INGBNL2A//2911759
:86:100 OVERSCHRIJVING VAN MW C M A A DE VET-VAN ZON EN HR F M H DE V
:86:8987812636 7020474810558363 HB
:86:NL70INGB0004167335
:86:05-10-2025 19:49 7020474810558363
:61:251006C666,25N100INGBNL2A//2911760
:86:100 OVERSCHRIJVING VAN HR THA GROENENDAAL, MTJC GROENENDAAL-PIGMA
:86:8987012293 7020454213468513 KV
:86:NL83INGB0006025621
:86:05-10-2025 11:44 7020454213468513
:61:251006C1546,52N100INGBNL2A//2911761
:86:100 OVERSCHRIJVING VAN HR CJ ENSING, MW HI ENSING-STRIKWERDA
:86:8987160744 7020405125499815 SL
:86:NL44INGB0000730899
:86:05-10-2025 13:12 7020405125499815
:61:251006C68,00N100INGBNL2A//2911762
:86:100 OVERSCHRIJVING VAN MW E A M WELTEN
:86:8984860872 7020305434471894 KV
:86:NL41INGB0005307025
:86:04-10-2025 09:53 7020305434471894
:61:251006C865,15N100INGBNL2A//2911763
:86:100 OVERSCHRIJVING VAN HR JC DE HOOGT, JGM DE HOOGT-VAN ENGELEN
:86:8984230431 7020614531476754 HE
:86:NL46INGB0002599568
:86:03-10-2025 21:36 7020614531476754
:61:251006C168,60N100INGBNL2A//2911764
:86:100 OVERSCHRIJVING VAN MW M KEMNER,HR JW NIJHOF
:86:8984068542 7020326637444315 HB
:86:NL72INGB0631379193
:86:03-10-2025 19:56 7020326637444315
:61:251006C79,00N100INGBNL2A//2911765
:86:100 OVERSCHRIJVING VAN HR JF VAN KOOY
:86:8986156643 7020956913411924 ZV
:86:NL85INGB0002121723
:86:04-10-2025 20:09 7020956913411924
:61:251006C538,40N100INGBNL2A//2911766
:86:100 OVERSCHRIJVING VAN HR RA VAN GEFFEN, MW GM VAN GEFFEN-SCHOLTZ
:86:8987108119 7020194534560094 ZV
:86:NL86INGB0003781375
:86:05-10-2025 12:42 7020194534560094
:61:251006C702,36N100INGBNL2A//2911767
:86:100 OVERSCHRIJVING VAN HR A DROPPERT EN/OF MW M P E SLANGEWAL
:86:8986016288 7020234819321738 EH
:86:NL97INGB0754315282
:86:04-10-2025 18:49 7020234819321738
:61:251006C1553,28N100INGBNL2A//2911768
:86:100 OVERSCHRIJVING VAN HR G WOLTERING, MW EJ MOISON
:86:8987361869 7020696628350505 MD
:86:NL85INGB0003326366
:86:05-10-2025 15:20 7020696628350505
:61:251006C533,74N100INGBNL2A//2911769
:86:100 OVERSCHRIJVING VAN HR JG FONK
:86:8987208118 7020496628439335 BS
:86:NL13INGB0005022640
:86:05-10-2025 13:45 7020496628439335
:61:251006C563,24N100SNSBNL2A//2911770
:86:100 OVERSCHRIJVING VAN D. VAN LENTE E/O S. VAN LENTE-TEELING
:86:8987518768 7020246037319602 EH
:86:NL40SNSB0705824691
:86:2025-10-05T16:59 7020246037319602
:61:251006C482,80N100INGBNL2A//2911771
:86:100 OVERSCHRIJVING VAN HR ME VAN DER BIJL, MW HD RIEM
:86:8986310919 7020094525412344 LH
:86:NL13INGB0661384101
:86:04-10-2025 22:11 7020094525412344
:61:251006C1036,80N100INGBNL2A//2911772
:86:100 OVERSCHRIJVING VAN P P F BENTVELZEN EN/OF MW W J BENTVELZEN-K
:86:8987025147 7020405110318540 LH
:86:NL36INGB0005322829
:86:05-10-2025 11:54 7020405110318540
:61:251006C59,00N100INGBNL2A//2911773
:86:100 OVERSCHRIJVING VAN MW A VAN DEN BARG
:86:8985638037 7020224837353418 HB
:86:NL41INGB0755035836
:86:04-10-2025 15:46 7020224837353418
:61:251006C758,80N100INGBNL2A//2911774
:86:100 OVERSCHRIJVING VAN HR O D LONDON EN/OF MW S N BABOELAL
:86:8985540844 7020025428383790 LH
:86:NL46INGB0669580589
:86:04-10-2025 15:01 7020025428383790
:61:251006C1164,25N100INGBNL2A//2911775
:86:100 OVERSCHRIJVING VAN HR AJD BOUTS, IY BOUTS-VAN STUIVENBERG
:86:8983574308 7020366334445062 HB
:86:NL64INGB0003548777
:86:03-10-2025 16:25 7020366334445062
:61:251006C250,00N100SNSBNL2A//2911776
:86:100 OVERSCHRIJVING VAN Y.J. VAN VLIET
:86:8984320985 7020676916535713 ZV
:86:NL23SNSB0951153226
:86:2025-10-03T22:41 7020676916535713
:61:251006C52,50N100INGBNL2A//2911777
:86:100 OVERSCHRIJVING VAN HR JG NEWMAN,N NEWMAN-VISSERS
:86:8983970787 7020866022505770 HB
:86:NL76INGB0665090986
:86:03-10-2025 19:08 7020866022505770
:61:251006C456,20N100SNSBNL2A//2911778
:86:100 OVERSCHRIJVING VAN K.B.P. AGTERBERG E/O A.A.B.W. VAN DER SLUI
:86:8984304040 7020516313475818 HH
:86:NL87SNSB0871614014
:86:2025-10-03T22:27 7020516313475818
:61:251006C353,80N100SNSBNL2A//2911779
:86:100 OVERSCHRIJVING VAN L. DOOSJE
:86:8987570495 7020434216408405 MD
:86:NL16SNSB0852947933
:86:2025-10-05T17:32 7020434216408405
:61:251006C2058,90N100INGBNL2A//2911780
:86:100 OVERSCHRIJVING VAN HR M MEIJERRATHKEN E/O MW I VAN DE VOOREN
:86:8985199624 7020126934471222 MD
:86:NL36INGB0006212222
:86:04-10-2025 12:23 7020126934471222
:61:251006C59,00N100SNSBNL2A//2911781
:86:100 OVERSCHRIJVING VAN S.T.M. STOUTEN E/O J.G. HABETS
:86:8983885742 7020674234416901 KV
:86:NL94SNSB0941588815
:86:2025-10-03T18:28 7020674234416901
:61:251006C423,20N100RBRBNL21//2911782
:86:100 OVERSCHRIJVING VAN J. LIP
:86:8985384545 7020484234353568 HH
:86:NL30RBRB8842376418
:86:2025-10-04T13:49 7020484234353568
:61:251006C1793,30N100RBRBNL21//2911783
:86:100 OVERSCHRIJVING VAN BOUWSERVICE PAUL WOLBRINK
:86:8986951704 7020524534350727 VN
:86:NL56RBRB0827519605
:86:2025-10-05T11:10 7020524534350727
:61:251006C392,20N100INGBNL2A//2911784
:86:100 OVERSCHRIJVING VAN HR NC SMITH, MW RR NAUTA
:86:8983499373 7020466631474198 EH
:86:NL74INGB0672679817
:86:03-10-2025 15:46 7020466631474198
:61:251006C178,40N100INGBNL2A//2911785
:86:100 OVERSCHRIJVING VAN MW CJM KOOPMANS, HR NM NAGENGAST
:86:8987474678 7020916610590472 ZV
:86:NL70INGB0003302386
:86:05-10-2025 16:34 7020916610590472
:61:251006C577,70N100INGBNL2A//2911786
:86:100 OVERSCHRIJVING VAN HR R LAMMERS
:86:8985582685 7020346616443943 ZV
:86:NL82INGB0006214498
:86:04-10-2025 15:18 7020346616443943
:61:251006C811,72N100RBRBNL21//2911787
:86:100 OVERSCHRIJVING VAN H.J. VAN DER MEULEN E/O G.G. VAN DER MEULE
:86:8987709105 7020954831559914 SL
:86:NL40RBRB0205058477
:86:2025-10-05T18:50 7020954831559914
:61:251006C446,32N100INGBNL2A//2911788
:86:100 OVERSCHRIJVING VAN MW A M BAARS
:86:8987262949 7020264219440916 VM
:86:NL05INGB0000119725
:86:05-10-2025 14:16 7020264219440916
:61:251006C318,30N100RBRBNL21//2911789
:86:100 OVERSCHRIJVING VAN S.L.P. WIJNEN E/O A.M.A. STROUX
:86:8984098938 7020144819564678 ZV
:86:NL83RBRB8835299411
:86:2025-10-03T20:13 7020144819564678
:61:251006C824,00N100SNSBNL2A//2911790
:86:100 OVERSCHRIJVING VAN J.G. HOEKSTRA
:86:8985289655 7020215122412161 TH
:86:NL14SNSB0944484735
:86:2025-10-04T13:07 7020215122412161
:61:251006C59,00N100SNSBNL2A//2911791
:86:100 OVERSCHRIJVING VAN K. VAN PRAET E/O E.M. VAN DER HAM
:86:8984177858 7020286916385566 KV
:86:NL44SNSB8839885234
:86:2025-10-03T20:58 7020286916385566
:61:251006C2179,00N100INGBNL2A//2911792
:86:100 OVERSCHRIJVING VAN HR KAP VAN DEN BOSCH
:86:8983656334 7020025419595941 MD
:86:NL79INGB0004733459
:86:03-10-2025 16:52 7020025419595941
:61:251006C410,80N100SNSBNL2A//2911793
:86:100 OVERSCHRIJVING VAN R. KRUITHOF E/O H.R. KRUITHOF-STUBBE
:86:8986268672 7020474231383796 HH
:86:NL36SNSB0908034067
:86:2025-10-04T21:35 7020474231383796
:61:251006C360,85N100SNSBNL2A//2911794
:86:100 OVERSCHRIJVING VAN J. VISSER E/O M.S. COETERIER
:86:8983612840 7020736334474843 HH
:86:NL94SNSB0871559374
:86:2025-10-03T16:33 7020736334474843
:61:251006C259,44N100RBRBNL21//2911795
:86:100 OVERSCHRIJVING VAN J.P. KOREVAAR E/O P.J. KOREVAAR-STIGTER
:86:8987196785 7020245737499440 PZ
:86:NL75RBRB0692400494
:86:2025-10-05T13:37 7020245737499440
:61:251006C284,10N100ASNBNL21//2911796
:86:100 OVERSCHRIJVING VAN G.J. VAN EIJSDEN E/O T. HUTTEN
:86:8985900870 7020155128413337 HH
:86:NL22ASNB0778081028
:86:2025-10-04T17:47 7020155128413337
:61:251006C737,36N100RBRBNL21//2911797
:86:100 OVERSCHRIJVING VAN T. VAN DER HEIDE E/O G.A. VAN DER HEIDE-PO
:86:8983719449 7020484222506778 EH
:86:NL22RBRB8835984262
:86:2025-10-03T17:16 7020484222506778
:61:251006C2812,20N100RBRBNL21//2911798
:86:100 OVERSCHRIJVING VAN J.R.D.D. VAN RIJCKEVORSEL E/O M. VAN RIJCK
:86:8987683809 7020186934498867 KV
:86:NL48RBRB0200458302
:86:2025-10-05T18:35 7020186934498867
:61:251006C949,62N100SNSBNL2A//2911799
:86:100 OVERSCHRIJVING VAN N.N. DORREPAAL
:86:8985205848 7020294837441078 SL
:86:NL73SNSB8846280989
:86:2025-10-04T12:28 7020294837441078
:61:251006C664,95N100RBRBNL21//2911800
:86:100 OVERSCHRIJVING VAN B. VAN DAALEN E/O M.A. VAN DER STOEP
:86:8983345668 7020976613446709 EP
:86:NL79RBRB8842253510
:86:2025-10-03T14:46 7020976613446709
:61:251006C522,74N100INGBNL2A//2911801
:86:100 OVERSCHRIJVING VAN HR YR SNIJDERS VROEGOP
:86:8983984825 7020464822566775 BT
:86:NL32INGB0009361108
:86:03-10-2025 19:13 7020464822566775
:61:251006C21,00N100TRIONL2U//2911802
:86:100 OVERSCHRIJVING VAN L.H. FABER EN/OF J.O. HO
:86:8987922065 7020265131440274 HH
:86:NL61TRIO0338594221
:86:05-10-25 20:47 7020265131440274
:61:251006C855,60N100TRIONL2U//2911803
:86:100 OVERSCHRIJVING VAN V.W.M. SCHOLTE EN/OF A.
:86:8988077636 7020444531318444 HB
:86:NL31TRIO0254782396
:86:05-10-25 22:18 7020444531318444
:61:251006C2495,30N100INGBNL2A//2911804
:86:100 OVERSCHRIJVING VAN HR JFAM COOLS
:86:8988461382 7020565416405060 HB
:86:NL97INGB0002506500
:86:06-10-2025 07:24 7020565416405060
:61:251006C940,60N100TRIONL2U//2911805
:86:100 OVERSCHRIJVING VAN A.J.P.A. NIEUWENHUIZEN E
:86:8987063465 7020415119588087 HH
:86:NL06TRIO0320466299
:86:05-10-25 12:15 7020415119588087
:61:251006C330,80N100TRIONL2U//2911806
:86:100 OVERSCHRIJVING VAN D.M. DEBETS
:86:8985638829 7020124822503484 PZ
:86:NL15TRIO0379601508
:86:04-10-25 15:45 7020124822503484
:61:251006C1378,40N100ABNANL2A//2911807
:86:100 OVERSCHRIJVING VAN EHA BUTTER CJ
:86:8988478557 7020115722465285 EH
:86:NL93ABNA0464079187
:86:06-10-2025 07:38 7020115722465285
:61:251006C487,80N100ABNANL2A//2911808
:86:100 OVERSCHRIJVING VAN A VAN DER VEEN CJ
:86:8988469459 7020536313495405 HH
:86:NL64ABNA0522939988
:86:06-10-2025 07:30 7020536313495405
:61:251006C250,00N100INGBNL2A//2911809
:86:100 OVERSCHRIJVING VAN K A BEIJERSBERGEN
:86:8987365468 7020244822528168 SR
:86:NL82INGB0006906011
:86:05-10-2025 15:24 7020244822528168
:61:251006C580,90N100SNSBNL2A//2911810
:86:100 OVERSCHRIJVING VAN J.S. REINDERS E/O H. ROSING
:86:8987424420 7020545122439215 HB
:86:NL07SNSB0901781096
:86:2025-10-05T16:02 7020545122439215
:61:251006C317,35N100SNSBNL2A//2911812
:86:100 OVERSCHRIJVING VAN L. VAN LEEUWEN
:86:8984967145 7020484228501870 KV
:86:NL25SNSB0955303044
:86:2025-10-04T10:43 7020484228501870
:61:251006C1458,35N100SNSBNL2A//2911813
:86:100 OVERSCHRIJVING VAN V P A VAN BERKEL H/O ALL IN DUS
:86:8983549401 7020175719596940 KV
:86:NL71SNSB0706179056
:86:2025-10-03T16:11 7020175719596940
:61:251006C559,00N100SNSBNL2A//2911814
:86:100 OVERSCHRIJVING VAN STICHTING DREAMTEAM DONDERBERG
:86:8984241288 7020826634596256 HH
:86:NL83SNSB0925871230
:86:2025-10-03T21:41 7020826634596256
:61:251006C30,00N100RBRBNL21//2911815
:86:100 OVERSCHRIJVING VAN N.L.C. CUSTERS
:86:8984175948 7020574219564408 EP
:86:NL87RBRB8841290641
:86:2025-10-03T20:58 7020574219564408
:61:251006C491,20N100RBRBNL21//2911816
:86:100 OVERSCHRIJVING VAN H. BRAAMS
:86:8986982999 7020116031468294 HB
:86:NL09RBRB0841115583
:86:2025-10-05T11:27 7020116031468294
:61:251006C700,70N100ABNANL2A//2911817
:86:100 OVERSCHRIJVING VAN W A M JANSSENS CJ
:86:8983508985 7020144819446550 HB
:86:NL81ABNA0591240874
:86:03-10-2025 15:52 7020144819446550
:61:251006C8,95N100ABNANL2A//2911818
:86:100 OVERSCHRIJVING VAN NAJ BROUWERS
:86:8983459407 7020206631564156 KV
:86:NL06ABNA0574130454
:86:03-10-2025 15:31 7020206631564156
:61:251006C711,89N100INGBNL2A//2911819
:86:100 OVERSCHRIJVING VAN HR P KRZYWAZNIA
:86:8987513901 7020745119350460 OD
:86:NL64INGB0705018342
:86:05-10-2025 16:57 7020745119350460
:61:251006C339,10N100INGBNL2A//2911820
:86:100 OVERSCHRIJVING VAN HR MD DE KLUIS
:86:8986243823 7020834819593970 ZV
:86:NL42INGB0674357329
:86:04-10-2025 21:16 7020834819593970
:61:251006C377,11N100INGBNL2A//2911821
:86:100 OVERSCHRIJVING VAN MW AKK DE LEEST, HR EC RAIJMAEKERS
:86:8986195172 7020835413471246 PZ
:86:NL55INGB0003298679
:86:04-10-2025 20:39 7020835413471246
:61:251006C579,65N100INGBNL2A//2911822
:86:100 OVERSCHRIJVING VAN HR AJ BRAAKMAN,MW R VAN DER VEGTE
:86:8983596037 7020486928565386 MD
:86:NL94INGB0630979448
:86:03-10-2025 16:27 7020486928565386
:61:251006C1094,60N100ASNBNL21//2911823
:86:100 OVERSCHRIJVING VAN N.P.M. VERKOOIJEN
:86:8985126674 7020324222413925 HB
:86:NL75ASNB8843678671
:86:2025-10-04T11:50 7020324222413925
:61:251006C567,50N100SNSBNL2A//2911824
:86:100 OVERSCHRIJVING VAN P. DE VRIES
:86:8983509298 7020006625446988 HH
:86:NL16SNSB0705961893
:86:2025-10-03T15:51 7020006625446988
:61:251006C2072,65N100INGBNL2A//2911825
:86:100 OVERSCHRIJVING VAN MW JC DE BRUIN-EIKENS,ERVEN VAN HR M DE BR
:86:8987256818 7020216916438627 KV
:86:NL65INGB0004283340
:86:05-10-2025 14:14 7020216916438627
:61:251006C792,96N100INGBNL2A//2911826
:86:100 OVERSCHRIJVING VAN MW IK OORTWIJN-VELZING
:86:8987453394 7020435113589893 EH
:86:NL36INGB0751945021
:86:05-10-2025 16:18 7020435113589893
:61:251006C251,90N100INGBNL2A//2911827
:86:100 OVERSCHRIJVING VAN MW KG HULSHOF
:86:8987284603 7020536034588465 VN
:86:NL32INGB0004251051
:86:05-10-2025 14:31 7020536034588465
:61:251006C716,05N100INGBNL2A//2911828
:86:100 OVERSCHRIJVING VAN HR R J VINK
:86:8987290971 7020916910530943 VN
:86:NL27INGB0006944152
:86:05-10-2025 14:34 7020916910530943
:61:251006C114,75N100INGBNL2A//2911829
:86:100 OVERSCHRIJVING VAN HR MMA POLLAERT, MW KHL VERGOOSSEN
:86:8983838628 7020306331445485 KM
:86:NL71INGB0653468342
:86:03-10-2025 18:07 7020306331445485
:61:251006C543,20N100INGBNL2A//2911830
:86:100 OVERSCHRIJVING VAN MW T VISSER,HR HJ BULTHUIS
:86:8986115546 7020684831411603 HH
:86:NL55INGB0758144822
:86:04-10-2025 19:43 7020684831411603
:61:251006C60,00N100INGBNL2A//2911831
:86:100 OVERSCHRIJVING VAN MW NJTM GODDING-KROON,HR RGE GODDING
:86:8987525546 7020024228409029 HH
:86:NL51INGB0751661414
:86:05-10-2025 17:03 7020024228409029
:61:251006C1346,72N100SNSBNL2A//2911832
:86:100 OVERSCHRIJVING VAN I.L. DE ROO
:86:8987569465 7020624831558855 EH
:86:NL49SNSB0960376488
:86:2025-10-05T17:29 7020624831558855
:61:251006C365,80N100INGBNL2A//2911833
:86:100 OVERSCHRIJVING VAN MW TI VAN BEMMEL
:86:8985675020 7020044834382860 HH
:86:NL45INGB0006434190
:86:04-10-2025 16:02 7020044834382860
:61:251006C1146,55N100INGBNL2A//2911834
:86:100 OVERSCHRIJVING VAN HR PJ BERGEN, MW MM BERGEN-SCHULZ
:86:8985539900 7020455416531525 HH
:86:NL27INGB0000267545
:86:04-10-2025 15:00 7020455416531525
:61:251006C1499,00N100INGBNL2A//2911835
:86:100 OVERSCHRIJVING VAN MW CLRA SALIS
:86:8983779323 7020686634596919 HB
:86:NL43INGB0683812580
:86:03-10-2025 17:40 7020686634596919
:61:251006C403,98N100INGBNL2A//2911836
:86:100 OVERSCHRIJVING VAN HR P N J KOOIJMAN EN/OF MW M HOPPE
:86:8985872795 7020434519593844 HB
:86:NL79INGB0007168353
:86:04-10-2025 17:33 7020434519593844
:61:251006C572,68N100ASNBNL21//2911837
:86:100 OVERSCHRIJVING VAN E. SCHUURMAN
:86:8987769550 7020095725469161 EH
:86:NL37ASNB0706899636
:86:2025-10-05T19:24 7020095725469161
:61:251006C414,42N100INGBNL2A//2911838
:86:100 OVERSCHRIJVING VAN HR C VAN -T ZELFDE E/O MW G VAN -T ZELFDE-
:86:8984986393 7020634528353967 HH
:86:NL63INGB0003785572
:86:04-10-2025 10:51 7020634528353967
:61:251006C736,56N100INGBNL2A//2911839
:86:100 OVERSCHRIJVING VAN HR J C RIDDERHOF EN MW P P RIDDERHOF-GOEDE
:86:8984103313 7020855137566388 MD
:86:NL59INGB0000500642
:86:03-10-2025 20:16 7020855137566388
:61:251006C1291,84N100INGBNL2A//2911840
:86:100 OVERSCHRIJVING VAN MW CMA VAN AGGELEN, HR JAH SCHULP
:86:8984167630 7020126637386223 AR
:86:NL98INGB0003893873
:86:03-10-2025 20:53 7020126637386223
:61:251006C1654,28N100SNSBNL2A//2911841
:86:100 OVERSCHRIJVING VAN J.N. BEKKER E/O K.D. KLEIN
:86:8983544997 7020346610476934 PZ
:86:NL47SNSB0862732832
:86:2025-10-03T16:07 7020346610476934
:61:251006C879,10N100INGBNL2A//2911842
:86:100 OVERSCHRIJVING VAN MW LY VORK
:86:8987112086 7020574210468300 KV
:86:NL22INGB0008703046
:86:05-10-2025 12:44 7020574210468300
:61:251006C300,60N100INGBNL2A//2911843
:86:100 OVERSCHRIJVING VAN HR B TERLOUW
:86:8987361457 7020166628378153 HB
:86:NL47INGB0008790284
:86:05-10-2025 15:20 7020166628378153
:61:251006C8,50N100INGBNL2A//2911844
:86:100 OVERSCHRIJVING VAN I PEETERS-VAN DER SCHAAF, HR B PEETERS
:86:8987363517 7020606928589821 HH
:86:NL50INGB0758571615
:86:05-10-2025 15:20 7020606928589821
:61:251006C2,50N100ASNBNL21//2911845
:86:100 OVERSCHRIJVING VAN B. VAN ELK E/O V.A. KUYL
:86:8984238313 7020944816566184 KV
:86:NL13ASNB0267487061
:86:2025-10-03T21:39 7020944816566184
:61:251006C867,15N100SNSBNL2A//2911846
:86:100 OVERSCHRIJVING VAN A.L. DE GRAAF E/O M.C. POST
:86:8987044998 7020746010500568 HH
:86:NL84SNSB0967112508
:86:2025-10-05T12:04 7020746010500568
:61:251006C457,17N100RBRBNL21//2911847
:86:100 OVERSCHRIJVING VAN M. METSELAAR
:86:8987708811 7020976619439884 SR
:86:NL60RBRB8842498971
:86:2025-10-05T18:49 7020976619439884
:61:251006C2466,76N100INGBNL2A//2911848
:86:100 OVERSCHRIJVING VAN MW S JONGMANS-DE VOS, HR DWA JONGMANS
:86:8984422817 7020974522356970 HE
:86:NL38INGB0796140707
:86:04-10-2025 00:23 7020974522356970
:61:251006C7,05N100RABONL2U//2911849
:86:100 OVERSCHRIJVING VAN P.J.C. SCHUURMANS EO A.J.M. SCHUURMANS-KUS
:86:8988746222 7020945725437058 KV XUI-23161566
:86:NL37RABO0121115917
:86:06-10-2025 09:46 7020945725437058
:61:251006C140,00N100INGBNL2A//2911850
:86:100 OVERSCHRIJVING VAN HR LJJ ENGELBART
:86:8985801125 7020066313382878 LG
:86:NL18INGB0671176064
:86:04-10-2025 16:59 7020066313382878
:61:251006C569,48N100INGBNL2A//2911851
:86:100 OVERSCHRIJVING VAN HR L HELMHOUT,MW W SMIT
:86:8986773994 7020194816410811 SL
:86:NL26INGB0798157941
:86:05-10-2025 09:09 7020194816410811
:61:251006C417,80N100INGBNL2A//2911852
:86:100 OVERSCHRIJVING VAN HR T MASSOP
:86:8987876145 7020266319500250 LH
:86:NL03INGB0654098611
:86:05-10-2025 20:22 7020266319500250
:61:251006C358,70N100INGBNL2A//2911853
:86:100 OVERSCHRIJVING VAN MW D G A E J DE RUYSSCHER
:86:8987769517 7020774825559326 HB
:86:NL72INGB0002699107
:86:05-10-2025 19:24 7020774825559326
:61:251006C192,10N100INGBNL2A//2911854
:86:100 OVERSCHRIJVING VAN MW A BOOT
:86:8985262461 7020806337411597 SR
:86:NL42INGB0007047963
:86:04-10-2025 12:52 7020806337411597
:61:251006C617,10N100INGBNL2A//2911855
:86:100 OVERSCHRIJVING VAN MW EEM DE RIDDER
:86:8986012432 7020495431592998 KV
:86:NL66INGB0002083944
:86:04-10-2025 18:46 7020495431592998
:61:251006C882,20N100INGBNL2A//2911856
:86:100 OVERSCHRIJVING VAN MW LMR VAN VLIET
:86:8987375207 7020405737530637 ZV
:86:NL27INGB0659916045
:86:05-10-2025 15:30 7020405737530637
:61:251006C1277,10N100INGBNL2A//2911857
:86:100 OVERSCHRIJVING VAN HR M D KESTENS
:86:8984264479 7020836916566013 KV
:86:NL49INGB0693782714
:86:03-10-2025 22:00 7020836916566013
:61:251006C626,32N100INGBNL2A//2911858
:86:100 OVERSCHRIJVING VAN HR RL MIRANDA VELAZQUEZ
:86:8985022033 7020316937413658 SL
:86:NL55INGB0003435352
:86:04-10-2025 11:07 7020316937413658
:61:251006C1172,60N100INGBNL2A//2911859
:86:100 OVERSCHRIJVING VAN MW MCN SLIJP
:86:8984185463 7020264231386853 HB
:86:NL68INGB0006094373
:86:03-10-2025 21:04 7020264231386853
:61:251006C59,00N100SNSBNL2A//2911860
:86:100 OVERSCHRIJVING VAN J.E.P. RIETHOVEN
:86:8986202829 7020336931473679 HB
:86:NL02SNSB0902014471
:86:2025-10-04T20:43 7020336931473679
:61:251006C298,80N100INGBNL2A//2911861
:86:100 OVERSCHRIJVING VAN HR S BAKS,MW L VAN MEERKERK
:86:8985258852 7020685425412794 LH
:86:NL30INGB0663863309
:86:04-10-2025 12:51 7020685425412794
:61:251006C339,00N100INGBNL2A//2911862
:86:100 OVERSCHRIJVING VAN MW M J BLAAUW
:86:8985149720 7020746934503133 ZV
:86:NL71INGB0006236133
:86:04-10-2025 12:01 7020746934503133
:61:251006C16,35N100INGBNL2A//2911863
:86:100 OVERSCHRIJVING VAN HR R DE VRIES
:86:8984099369 7020836934536142 HB
:86:NL40INGB0007326777
:86:03-10-2025 20:11 7020836934536142
:61:251006C1013,00N100INGBNL2A//2911864
:86:100 OVERSCHRIJVING VAN MW C MUILWIJK
:86:8985884812 7020185425323673 LH
:86:NL25INGB0003734070
:86:04-10-2025 17:42 7020185425323673
:61:251006C2565,00N100INGBNL2A//2911865
:86:100 OVERSCHRIJVING VAN HR D VAN DIERMEN,C VAN DIERMEN-VAN DER LAA
:86:8985334340 7020806913411684 ZV
:86:NL95INGB0007471093
:86:04-10-2025 13:27 7020806913411684
:61:251006C30,00N100INGBNL2A//2911866
:86:100 OVERSCHRIJVING VAN MW YAF REALE-COENS, HR A REALE
:86:8986979946 7020796313318210 PZ
:86:NL66INGB0006068316
:86:05-10-2025 11:26 7020796313318210
:61:251006C2075,45N100SNSBNL2A//2911867
:86:100 OVERSCHRIJVING VAN A.J. OP DEN DRIES E/O H. OP DEN DRIES-VAN 
:86:8983137644 7020144516384939 KV
:86:NL28SNSB0896479668
:86:2025-10-03T13:24 7020144516384939
:61:251006C570,05N100INGBNL2A//2911868
:86:100 OVERSCHRIJVING VAN HR G MAES,MW ICR BAARDA
:86:8987402741 7020155731530370 VM
:86:NL10INGB0391397265
:86:05-10-2025 15:45 7020155731530370
:61:251006C1013,24N100INGBNL2A//2911869
:86:100 OVERSCHRIJVING VAN MW L LUBBERSEN-ZUIDDAM, HR BL LUBBERSEN
:86:8985164765 7020225425353229 EH
:86:NL04INGB0009256561
:86:04-10-2025 12:07 7020225425353229
:61:251006C656,80N100INGBNL2A//2911870
:86:100 OVERSCHRIJVING VAN HR H HILBRANDS
:86:8985552338 7020026913593538 HH
:86:NL82INGB0112421350
:86:04-10-2025 15:07 7020026913593538
:61:251006C1085,24N100INGBNL2A//2911871
:86:100 OVERSCHRIJVING VAN A DE RIJKE-VAN DER HILST, HR JM DE RIJKE
:86:8986775949 7020514213379191 HA
:86:NL98INGB0757586686
:86:05-10-2025 09:12 7020514213379191
:61:251006C609,20N100INGBNL2A//2911872
:86:100 OVERSCHRIJVING VAN MW BM HARTE-PRONK
:86:8986742501 7020635410409821 HB
:86:NL05INGB0007267073
:86:05-10-2025 08:40 7020635410409821
:61:251006C1068,00N100ASNBNL21//2911873
:86:100 OVERSCHRIJVING VAN J. HOUBEN E/O R.M. LUIKS
:86:8983678523 7020005728414108 EP
:86:NL05ASNB0948990872
:86:2025-10-03T17:01 7020005728414108
:61:251006C667,60N100INGBNL2A//2911874
:86:100 OVERSCHRIJVING VAN MW DD VAN DER PLAS
:86:8985584510 7020065431323442 HH
:86:NL80INGB0007407246
:86:04-10-2025 15:19 7020065431323442
:61:251006C188,16N100INGBNL2A//2911875
:86:100 OVERSCHRIJVING VAN HR A EVERLING, SAW EVERLING-STEENWINKEL
:86:8986177566 7020346019503385 VM
:86:NL49INGB0005269148
:86:04-10-2025 20:28 7020346019503385
:61:251006C16987,68N541DEUTNL2A//2911876
:86:541 CREDIT TRANSACTIE VAN AMERICAN EXPRESS PAYMENTS EUROPE
:86:AMEX/SE9530167675/DT252/GR17468.06/DI-480.38/CENTER PARCS EUROPE 
:86:N V/VALKENSWAARD
:86:NL98DEUT0265294304
:86:AMEXSCT95301676750532750375538T39
:61:251006C200,00N100SNSBNL2A//2911877
:86:100 OVERSCHRIJVING VAN I.M.G. DRIESSEN E/O W.T. THIJSSEN
:86:8985791313 7020795422501102 VM
:86:NL37SNSB8838695946
:86:2025-10-04T16:55 7020795422501102
:61:251006C14,00N100ABNANL2A//2911878
:86:100 OVERSCHRIJVING VAN DF POT
:86:8983472517 7020526316355380 AR
:86:NL04ABNA0505872463
:86:03-10-2025 15:37 7020526316355380
:61:251006C729,43N100INGBNL2A//2911879
:86:100 OVERSCHRIJVING VAN HR RJAB AERTS,MW IWF ERVEN
:86:8983821938 7020895122354063 PZ
:86:NL79INGB0672323737
:86:03-10-2025 18:00 7020895122354063
:61:251006C528,80N100INGBNL2A//2911880
:86:100 OVERSCHRIJVING VAN HR O OZTURK, MW SN TEMEL
:86:8986349280 7020016913381711 HB
:86:NL48INGB0705061310
:86:04-10-2025 22:47 7020016913381711
:61:251006C3982,00N100SNSBNL2A//2911881
:86:100 OVERSCHRIJVING VAN M.F.P.G. OVERKAMP E/O R.M.C. VAN DEN BOSCH
:86:8983381306 7020714522536469 HH
:86:NL69SNSB0957519575
:86:2025-10-03T14:58 7020714522536469
:61:251006C809,88N100SNSBNL2A//2911882
:86:100 OVERSCHRIJVING VAN E.T.L. WESTHOVENS E/O J.W.M. WESTHOVENS-CO
:86:8983755579 7020586019474924 PZ
:86:NL50SNSB0921767560
:86:2025-10-03T17:32 7020586019474924
:61:251006C368,32N100ABNANL2A//2911883
:86:100 OVERSCHRIJVING VAN J RUTTE CJ
:86:8986850601 7020205710408363 VM
:86:NL81ABNA0447107992
:86:05-10-2025 10:09 7020205710408363
:61:251006C349,75N100ABNANL2A//2911884
:86:100 OVERSCHRIJVING VAN ACM KEMPS CJ
:86:8985516572 7020376622503622 KV
:86:NL84ABNA0481496475
:86:04-10-2025 14:49 7020376622503622
:61:251006C376,60N100ABNANL2A//2911885
:86:100 OVERSCHRIJVING VAN J M VAN DER REIJDEN
:86:8984160196 7020646028596496 ZV
:86:NL36ABNA0446774928
:86:03-10-2025 20:47 7020646028596496
:61:251006C1437,92N100ABNANL2A//2911886
:86:100 OVERSCHRIJVING VAN MEC KOSTER
:86:8984210258 7020466916445134 EH
:86:NL12ABNA0141469994
:86:03-10-2025 21:20 7020466916445134
:61:251006C127,40N100ABNANL2A//2911887
:86:100 OVERSCHRIJVING VAN I LAPEY
:86:8987329716 7020294231469440 LH
:86:NL14ABNA0248464353
:86:05-10-2025 14:59 7020294231469440
:61:251006C199,00N100ABNANL2A//2911888
:86:100 OVERSCHRIJVING VAN J WIJNANDS CJ
:86:8986161265 7020626922532962 ZV
:86:NL30ABNA0514195274
:86:04-10-2025 20:13 7020626922532962
:61:251006C277,12N100ABNANL2A//2911889
:86:100 OVERSCHRIJVING VAN DANIELLA DE JONG
:86:8987751716 7020304234318237 EH
:86:NL04ABNA0489080405
:86:05-10-2025 19:14 7020304234318237
:61:251006C2321,61N100ABNANL2A//2911890
:86:100 OVERSCHRIJVING VAN M WOLF
:86:8987494283 7020476931499461 MD
:86:NL74ABNA0405334583
:86:05-10-2025 16:45 7020476931499461
:61:251006C801,05N100ABNANL2A//2911891
:86:100 OVERSCHRIJVING VAN AP TARANEK
:86:8985000925 7020424837352419 AR
:86:NL04ABNA0552861979
:86:04-10-2025 10:59 7020424837352419
:61:251006C60,00N100ABNANL2A//2911892
:86:100 OVERSCHRIJVING VAN JM ZON BLOEMBOLLEN
:86:8987517454 7020006622560787 EH
:86:NL83ABNA0836957067
:86:05-10-2025 16:59 7020006622560787
:61:251006C378,40N100ABNANL2A//2911893
:86:100 OVERSCHRIJVING VAN R DE VRIES CJ
:86:8986870762 7020436331468699 LH
:86:NL68ABNA0484684280
:86:05-10-2025 10:22 7020436331468699
:61:251006C18,00N100ABNANL2A//2911894
:86:100 OVERSCHRIJVING VAN SM DIJOUX CJ
:86:8985911828 7020675437591264 TH
:86:NL57ABNA0499061624
:86:04-10-2025 17:52 7020675437591264
:61:251006C7,00N100ABNANL2A//2911895
:86:100 OVERSCHRIJVING VAN STEF VAN HAGEN
:86:8987250680 7020654810558273 HB
:86:NL98ABNA0514745010
:86:05-10-2025 14:10 7020654810558273
:61:251006C497,24N100ABNANL2A//2911896
:86:100 OVERSCHRIJVING VAN S M SMELT
:86:8987300447 7020496925348810 HB
:86:NL91ABNA0549908412
:86:05-10-2025 14:41 7020496925348810
:61:251006C612,14N100ABNANL2A//2911897
:86:100 OVERSCHRIJVING VAN C W B V BEMMELEN
:86:8985627756 7020026016502344 LA
:86:NL50ABNA0555274608
:86:04-10-2025 15:38 7020026016502344
:61:251006C200,80N100ABNANL2A//2911898
:86:100 OVERSCHRIJVING VAN AD HORNYAK
:86:8984311501 7020316028476757 KV
:86:NL79ABNA0510976999
:86:03-10-2025 22:34 7020316028476757
:61:251006C664,68N100ABNANL2A//2911899
:86:100 OVERSCHRIJVING VAN H ALINDIRMAZ
:86:8985595867 7020376919352875 EH
:86:NL16ABNA0107283921
:86:04-10-2025 15:25 7020376919352875
:61:251006C137,70N100ABNANL2A//2911900
:86:100 OVERSCHRIJVING VAN J ROELOFSEN CJ
:86:8985209021 7020175425501312 MD
:86:NL39ABNA0453397743
:86:04-10-2025 12:28 7020175425501312
:61:251006C1655,81N100ABNANL2A//2911901
:86:100 OVERSCHRIJVING VAN J BUURMAN CJ
:86:8985197280 7020694831562959 VM
:86:NL73ABNA0616083203
:86:04-10-2025 12:21 7020694831562959
:61:251006C169,50N100ABNANL2A//2911902
:86:100 OVERSCHRIJVING VAN J KOOISTRA
:86:8984116276 7020426913445245 HH
:86:NL28ABNA0448344629
:86:03-10-2025 20:24 7020426913445245
:61:251006C30,00N100ABNANL2A//2911903
:86:100 OVERSCHRIJVING VAN JPJ VAN RIJSWIJK CJ
:86:8987498153 7020676613318606 LH
:86:NL17ABNA0587884177
:86:05-10-2025 16:48 7020676613318606
:61:251006C772,48N100ABNANL2A//2911904
:86:100 OVERSCHRIJVING VAN A VAN T ENDE
:86:8987461611 7020254819378783 PZ
:86:NL56ABNA0885496450
:86:05-10-2025 16:25 7020254819378783
:61:251006C595,24N100ABNANL2A//2911918
:86:100 OVERSCHRIJVING VAN M HAMSTRA
:86:8988158234 7020174822559884 EH
:86:NL93ABNA0629334013
:86:05-10-2025 23:20 7020174822559884
:61:251006C944,00N100ABNANL2A//2911929
:86:100 OVERSCHRIJVING VAN JJC VAN BREE CJ
:86:8988037577 7020036628558597 NO
:86:NL97ABNA0602667380
:86:05-10-2025 21:52 7020036628558597
:61:251006C409,00N100ABNANL2A//2911930
:86:100 OVERSCHRIJVING VAN J BEN SALAH
:86:8988129250 7020044528588846 HB
:86:NL44ABNA0471906417
:86:05-10-2025 22:55 7020044528588846
:61:251006C60,00N100ABNANL2A//2911931
:86:100 OVERSCHRIJVING VAN H KOUDIJS CJ
:86:8987928809 7020024831469887 PZ
:86:NL52ABNA0502968389
:86:05-10-2025 20:50 7020024831469887
:61:251006C789,29N100ABNANL2A//2911932
:86:100 OVERSCHRIJVING VAN SJJW STRIK CJ
:86:8987927973 7020346331588216 EH
:86:NL77ABNA0405435797
:86:05-10-2025 20:49 7020346331588216
:61:251006C1554,05N100ASNBNL21//2911933
:86:100 OVERSCHRIJVING VAN G.J.C. STEENHAGEN E/O K. KOK
:86:8983684408 7020695728564477 SR
:86:NL52ASNB0707168929
:86:2025-10-03T17:04 7020695728564477
:61:251006C617,48N100SNSBNL2A//2911934
:86:100 OVERSCHRIJVING VAN F. BOLLEN
:86:8986282892 7020954210533289 PZ
:86:NL38SNSB0858926229
:86:2025-10-04T21:46 7020954210533289
:61:251006C454,46N100INGBNL2A//2911935
:86:100 OVERSCHRIJVING VAN D VAN SNIPPENBERG E/O C VAN SNIPPENBERG-TI
:86:8987369363 7020626016470937 SL
:86:NL80INGB0753953293
:86:05-10-2025 15:25 7020626016470937
:61:251006C25,50N100ABNANL2A//2911905
:86:100 OVERSCHRIJVING VAN AJ VAN BOEKEL CJ
:86:8987401804 7020586019558192 KV
:86:NL82ABNA0870686313
:86:05-10-2025 15:47 7020586019558192
:61:251006C588,00N100ABNANL2A//2911906
:86:100 OVERSCHRIJVING VAN E PETERS
:86:8987486730 7020276031559557 KV
:86:NL55ABNA0527028312
:86:05-10-2025 16:39 7020276031559557
:61:251006C28,50N100ABNANL2A//2911907
:86:100 OVERSCHRIJVING VAN KYRA VERMAAS
:86:8983764817 7020214219325362 HB
:86:NL22ABNA0603720889
:86:03-10-2025 17:34 7020214219325362
:61:251006C33,00N100ABNANL2A//2911908
:86:100 OVERSCHRIJVING VAN MANDY BEERS
:86:8987541072 7020914234439869 EH
:86:NL19ABNA0628617933
:86:05-10-2025 17:12 7020914234439869
:61:251006C141,50N100ABNANL2A//2911909
:86:100 OVERSCHRIJVING VAN TPA VOOGT
:86:8987418500 7020294210318387 KV
:86:NL40ABNA0567490289
:86:05-10-2025 15:54 7020294210318387
:61:251006C138,25N100ABNANL2A//2911910
:86:100 OVERSCHRIJVING VAN VLIET C J VAN
:86:8985186518 7020585116503013 HB
:86:NL10ABNA0892411147
:86:04-10-2025 12:19 7020585116503013
:61:251006C308,24N100ABNANL2A//2911911
:86:100 OVERSCHRIJVING VAN S BEIJER
:86:8987709245 7020204510319431 VM
:86:NL80ABNA0106852574
:86:05-10-2025 18:51 7020204510319431
:61:251006C3600,00N100ABNANL2A//2911912
:86:100 OVERSCHRIJVING VAN H J WEZENBERG CJ
:86:8984301781 7020096634446841 TH
:86:NL32ABNA0462167445
:86:03-10-2025 22:26 7020096634446841
:61:251006C297,88N100ABNANL2A//2911913
:86:100 OVERSCHRIJVING VAN MK HAAGOORT CJ
:86:8986864687 7020086925410139 KM
:86:NL52ABNA0527327999
:86:05-10-2025 10:18 7020086925410139
:61:251006C14,00N100ABNANL2A//2911914
:86:100 OVERSCHRIJVING VAN JISCA BONTEKOE
:86:8984272297 7020114534595275 MD
:86:NL67ABNA0541243349
:86:03-10-2025 22:04 7020114534595275
:61:251006C100,00N100ABNANL2A//2911915
:86:100 OVERSCHRIJVING VAN B SWAVING EO
:86:8984241378 7020235137564609 KV
:86:NL42ABNA0401631893
:86:03-10-2025 21:42 7020235137564609
:61:251006C1324,00N100ABNANL2A//2911916
:86:100 OVERSCHRIJVING VAN D YANTIR
:86:8985062166 7020314213563565 TH
:86:NL14ABNA0629657475
:86:04-10-2025 11:22 7020314213563565
:61:251006C1203,12N100ABNANL2A//2911917
:86:100 OVERSCHRIJVING VAN JN WILLEMSEN
:86:8985331831 7020396934321192 BS
:86:NL14ABNA0578554771
:86:04-10-2025 13:24 7020396934321192
:61:251006C849,80N100ABNANL2A//2911919
:86:100 OVERSCHRIJVING VAN MA ELEMAM CJ
:86:8985510899 7020635725322338 MD
:86:NL91ABNA0861934520
:86:04-10-2025 14:46 7020635725322338
:61:251006C157,50N100ABNANL2A//2911920
:86:100 OVERSCHRIJVING VAN X D BROUWER CJ
:86:8985891205 7020436037562557 KV
:86:NL23ABNA0559410107
:86:04-10-2025 17:43 7020436037562557
:61:251006C1581,60N100ABNANL2A//2911921
:86:100 OVERSCHRIJVING VAN J C A MOONEN CJ
:86:8984769296 7020504525592122 HB
:86:NL87ABNA0543121976
:86:04-10-2025 09:08 7020504525592122
:61:251006C589,48N100ABNANL2A//2911922
:86:100 OVERSCHRIJVING VAN JP VAN DULKEN CJ
:86:8988148113 7020556037319839 PZ
:86:NL49ABNA0447599097
:86:05-10-2025 23:12 7020556037319839
:61:251006C185,00N100ABNANL2A//2911923
:86:100 OVERSCHRIJVING VAN E M VAN LISSUM V BIENEN
:86:8985297891 7020356016472593 VM
:86:NL17ABNA0485850362
:86:04-10-2025 13:10 7020356016472593
:61:251006C30,00N100ABNANL2A//2911924
:86:100 OVERSCHRIJVING VAN F VISSCHER CJ
:86:8987752569 7020914231350478 AR
:86:NL10ABNA0436337711
:86:05-10-2025 19:16 7020914231350478
:61:251006C1369,72N100ABNANL2A//2911925
:86:100 OVERSCHRIJVING VAN C VAN LIESHOUT CJ
:86:8987917107 7020764834319053 VM
:86:NL63ABNA0488649536
:86:05-10-2025 20:44 7020764834319053
:61:251006C242,60N100ABNANL2A//2911926
:86:100 OVERSCHRIJVING VAN MIKE VOETS
:86:8984991538 7020336328532941 EP
:86:NL49ABNA0535100760
:86:04-10-2025 10:54 7020336328532941
:61:251006C412,00N100ABNANL2A//2911927
:86:100 OVERSCHRIJVING VAN JLG ALBERTO
:86:8984923736 7020154237591330 BF
:86:NL53ABNA0487406273
:86:04-10-2025 10:23 7020154237591330
:61:251006C40,00N100ABNANL2A//2911928
:86:100 OVERSCHRIJVING VAN EHN LI
:86:8988095875 7020595413560352 BF
:86:NL60ABNA0528766074
:86:05-10-2025 22:29 7020595413560352
:61:251006C750,00N100RABONL2U//2911936
:86:100 OVERSCHRIJVING VAN K.A.D. VAN HAL EO P.A.M. ROOVERS
:86:8988757453 7020565413587940 VM XUI-69705303
:86:NL25RABO0178907472
:86:06-10-2025 09:51 7020565413587940
:61:251006C632,64N100RABONL2U//2911937
:86:100 OVERSCHRIJVING VAN T.P.G. DORSSERS EO P.G.M. JACOBS
:86:8988759160 7020194822436701 SL XUI-18658773
:86:NL24RABO0363399550
:86:06-10-2025 09:52 7020194822436701
:61:251006C59,00N100RABONL2U//2911938
:86:100 OVERSCHRIJVING VAN J. VOORBERG EO F. VOORBERG-DE GRAAF
:86:8988760613 7020274816525897 KV XUI-66169936
:86:NL38RABO0304252190
:86:06-10-2025 09:55 7020274816525897
:61:251006C1583,96N541ABNANL2A//2911939
:86:541 CREDIT TRANSACTIE VAN KNUPPE J G M
:86:2412327
:86:NL27ABNA0836747585
:61:251006C554,20N541RABONL2UXXX//2911940
:86:541 CREDIT TRANSACTIE VAN A.P. KRAMER EO N. KRAMER-WALS
:86:RESERVERINGSNUMMER 4047992
:86:NL11RABO0374171343
:61:251006C1140,00N100RABONL2U//2911941
:86:100 OVERSCHRIJVING VAN F.R. LABORDUS EO A.C. LABORDUS-BOERMAN
:86:8988773706 7020866313467937 TH XUI-99800128
:86:NL26RABO0321837827
:86:06-10-2025 09:59 7020866313467937
:61:251006C409,00N100RABONL2U//2911942
:86:100 OVERSCHRIJVING VAN J.G. PISTORIUS
:86:8988775365 7020406031587058 HB XUI-67043951
:86:NL56RABO0306156849
:86:06-10-2025 09:59 7020406031587058
:61:251006C128,75N100INGBNL2A//2912013
:86:100 OVERSCHRIJVING VAN MW N A VAN OOSTEN-KUIJPERS E/O HR A W VAN 
:86:8986810536 7020166619528036 LH
:86:NL20INGB0004257087
:86:05-10-2025 09:42 7020166619528036
:61:251006C1694,75N100SNSBNL2A//2911943
:86:100 OVERSCHRIJVING VAN N.J.C. VERDUIJN E/O K.J.H.A. ERENS
:86:8984362924 7020576916566064 EH
:86:NL90SNSB0852502923
:86:2025-10-03T23:18 7020576916566064
:61:251006C519,35N100ABNANL2A//2911944
:86:100 OVERSCHRIJVING VAN BL KOENS
:86:8983514197 7020595728565542 SL
:86:NL38ABNA0457498145
:86:03-10-2025 15:53 7020595728565542
:61:251006C819,00N100SNSBNL2A//2911945
:86:100 OVERSCHRIJVING VAN F.C.J. DENIS E/O L.M.H. WEIJZEN
:86:8985540784 7020634228442008 TH
:86:NL23SNSB0871587327
:86:2025-10-04T15:02 7020634228442008
:61:251006C518,96N100INGBNL2A//2911946
:86:100 OVERSCHRIJVING VAN MW H A POLMANN-MUSCH EN/OF MW P POLMANN
:86:8985566687 7020855116383256 SR
:86:NL73INGB0002839739
:86:04-10-2025 15:12 7020855116383256
:61:251006C442,20N100SNSBNL2A//2911947
:86:100 OVERSCHRIJVING VAN K. VAN ROOIJ
:86:8987159310 7020016316559998 HH
:86:NL38SNSB0952676923
:86:2025-10-05T13:13 7020016316559998
:61:251006C246,60N100SNSBNL2A//2911948
:86:100 OVERSCHRIJVING VAN EU INFRA SERVICE IJMUIDEN
:86:8983043427 7020436931475335 ZV
:86:NL76SNSB8833678792
:86:2025-10-03T12:42 7020436931475335
:61:251006C1184,40N100INGBNL2A//2911949
:86:100 OVERSCHRIJVING VAN MW SMM VAN DER MOOLEN
:86:8986239299 7020194528322284 HB
:86:NL16INGB0008300798
:86:04-10-2025 21:11 7020194528322284
:61:251006C714,20N100INGBNL2A//2911950
:86:100 OVERSCHRIJVING VAN MW M J A KLOOSTER
:86:8987009292 7020264237588573 EP
:86:NL39INGB0004105134
:86:05-10-2025 11:42 7020264237588573
:61:251006C255,00N100RBRBNL21//2911951
:86:100 OVERSCHRIJVING VAN L.E.M. GROOTSWAGERS
:86:8986697596 7020165728439686 KV
:86:NL44RBRB8834888057
:86:2025-10-05T07:42 7020165728439686
:61:251006C199,00N100SNSBNL2A//2911952
:86:100 OVERSCHRIJVING VAN J. SCHREURS
:86:8983854462 7020685128594720 ZV
:86:NL13SNSB8847518431
:86:2025-10-03T18:13 7020685128594720
:61:251006C405,80N100INGBNL2A//2911953
:86:100 OVERSCHRIJVING VAN HR MA KRUIT
:86:8985096235 7020735131412545 HB
:86:NL82INGB0008756965
:86:04-10-2025 11:37 7020735131412545
:61:251006C575,60N100INGBNL2A//2911954
:86:100 OVERSCHRIJVING VAN R G F KLUTER
:86:8987521912 7020454213558381 EP
:86:NL09INGB0007814663
:86:05-10-2025 17:01 7020454213558381
:61:251006C1226,18N100INGBNL2A//2911955
:86:100 OVERSCHRIJVING VAN MW S VAN DER VELDEN
:86:8985402789 7020575119382764 CH
:86:NL20INGB0008742852
:86:04-10-2025 13:58 7020575119382764
:61:251006C38,25N100INGBNL2A//2911956
:86:100 OVERSCHRIJVING VAN HR MWB MIJER, MW L BOS
:86:8986130185 7020686031503247 EH
:86:NL62INGB0663538947
:86:04-10-2025 19:51 7020686031503247
:61:251006C713,05N100INGBNL2A//2911957
:86:100 OVERSCHRIJVING VAN HR J LANGENBERG,MW S SHALBEROVA
:86:8985576363 7020706328383898 KV
:86:NL08INGB0103734198
:86:04-10-2025 15:17 7020706328383898
:61:251006C561,35N100INGBNL2A//2911958
:86:100 OVERSCHRIJVING VAN MW AJJ SMINK, HR E PIEPERS
:86:8984179921 7020195428474105 HE
:86:NL03INGB0705077446
:86:03-10-2025 21:00 7020195428474105
:61:251006C611,34N100INGBNL2A//2911959
:86:100 OVERSCHRIJVING VAN MW S VAN DER ZIJDEN
:86:8984023253 7020474837354120 VM
:86:NL71INGB0700312552
:86:03-10-2025 19:32 7020474837354120
:61:251006C2349,00N100INGBNL2A//2911960
:86:100 OVERSCHRIJVING VAN HR EM VAN WEERDHUIZEN
:86:8987564415 7020506331438612 TH
:86:NL69INGB0006115986
:86:05-10-2025 17:29 7020506331438612
:61:251006C696,10N100INGBNL2A//2911961
:86:100 OVERSCHRIJVING VAN B VAN VELTHOVEN E/O D A J VAN VELTHOVEN-VA
:86:8987739553 7020314825499887 VM
:86:NL89INGB0753376563
:86:05-10-2025 19:07 7020314825499887
:61:251006C1290,00N100INGBNL2A//2911962
:86:100 OVERSCHRIJVING VAN HR EJ VLIEG, MW P VLIEG-SCHOLTEN
:86:8986202360 7020084231443397 TH
:86:NL36INGB0700368957
:86:04-10-2025 20:45 7020084231443397
:61:251006C250,00N100RBRBNL21//2911963
:86:100 OVERSCHRIJVING VAN M.C. DOP-WOUTERS
:86:8987430947 7020895710470496 HH
:86:NL96RBRB0706404297
:86:2025-10-05T16:09 7020895710470496
:61:251006C17,50N100INGBNL2A//2911964
:86:100 OVERSCHRIJVING VAN HR R G R BURGERS EN/OF MW A C ZWART
:86:8986992567 7020466919559242 HH
:86:NL11INGB0007432156
:86:05-10-2025 11:32 7020466919559242
:61:251006C358,80N100INGBNL2A//2911965
:86:100 OVERSCHRIJVING VAN MW S RUTZ
:86:8987302738 7020434822500886 HB
:86:NL07INGB0008869671
:86:05-10-2025 14:42 7020434822500886
:61:251006C1171,48N100INGBNL2A//2911966
:86:100 OVERSCHRIJVING VAN MW M H WILLEMS-SMITS EN/OF HR R J M WILLEM
:86:8985523323 7020075431413133 EH
:86:NL33INGB0007116995
:86:04-10-2025 14:52 7020075431413133
:61:251006C417,10N100INGBNL2A//2911967
:86:100 OVERSCHRIJVING VAN MW S KIBURG,HR D PRINS
:86:8987698259 7020094219560535 HH
:86:NL35INGB0004879654
:86:05-10-2025 18:44 7020094219560535
:61:251006C1244,40N100ABNANL2A//2911968
:86:100 OVERSCHRIJVING VAN DQ SCHOLTEN CJ
:86:8987242412 7020794522559257 HH
:86:NL03ABNA0249412047
:86:05-10-2025 14:05 7020794522559257
:61:251006C2477,25N100SNSBNL2A//2911969
:86:100 OVERSCHRIJVING VAN A.J.E. WILLEMS E/O P.C.D. VAN CANN
:86:8987957863 7020504516589986 HB
:86:NL59SNSB0339547111
:86:2025-10-05T21:07 7020504516589986
:61:251006C653,10N100INGBNL2A//2911970
:86:100 OVERSCHRIJVING VAN MW G LUITES
:86:8987870189 7020945128530919 KV
:86:NL45INGB0008813697
:86:05-10-2025 20:20 7020945128530919
:61:251006C722,56N100INGBNL2A//2911971
:86:100 OVERSCHRIJVING VAN MW E WILDEBOER
:86:8985213678 7020444813321039 OD
:86:NL92INGB0007707245
:86:04-10-2025 12:30 7020444813321039
:61:251006C626,11N100INGBNL2A//2911972
:86:100 OVERSCHRIJVING VAN HR HJ VAN PIJKEREN,A VAN DEN HEUVEL
:86:8987502347 7020656319588342 EH
:86:NL27INGB0664186858
:86:05-10-2025 16:48 7020656319588342
:61:251006C451,00N100INGBNL2A//2911973
:86:100 OVERSCHRIJVING VAN HR G LEENDERS,MW S TONIGOLD
:86:8985312820 7020704822412563 KV
:86:NL85INGB0398119082
:86:04-10-2025 13:16 7020704822412563
:61:251006C250,00N100INGBNL2A//2911974
:86:100 OVERSCHRIJVING VAN HR M KUHNEN, MW STM REICHGELT
:86:8985305590 7020865128502653 AR
:86:NL79INGB0703766384
:86:04-10-2025 13:13 7020865128502653
:61:251006C725,15N100INGBNL2A//2911975
:86:100 OVERSCHRIJVING VAN MW M M LEDWOCHOWSKA
:86:8984251260 7020295425384909 KV
:86:NL89INGB0684751488
:86:03-10-2025 21:48 7020295425384909
:61:251006C450,50N100INGBNL2A//2911976
:86:100 OVERSCHRIJVING VAN MW T VAN SEVENTER
:86:8987951903 7020396922349020 MD
:86:NL79INGB0008421690
:86:05-10-2025 21:04 7020396922349020
:61:251006C353,24N100INGBNL2A//2911977
:86:100 OVERSCHRIJVING VAN HR CR ROORDA,MW AM ROORDA-VAN DER MEY
:86:8987792488 7020975725499242 SL
:86:NL32INGB0660708833
:86:05-10-2025 19:36 7020975725499242
:61:251006C428,10N100INGBNL2A//2911978
:86:100 OVERSCHRIJVING VAN HR LC JOOSSEN
:86:8988094384 7020084816318426 KV
:86:NL80INGB0650427327
:86:05-10-2025 22:28 7020084816318426
:61:251006C587,40N100INGBNL2A//2911979
:86:100 OVERSCHRIJVING VAN HR P G M VAN VLIET EN/OF MW B W G KRANENBU
:86:8983503549 7020684216536532 HB
:86:NL50INGB0005259527
:86:03-10-2025 15:50 7020684216536532
:61:251006C42,00N100INGBNL2A//2911980
:86:100 OVERSCHRIJVING VAN HR FS HARTEMA-HEILBRON, MW AE HARTEMA-HEIL
:86:8984905606 7020835428593637 HH
:86:NL55INGB0008637656
:86:04-10-2025 10:17 7020835428593637
:61:251006C1486,44N100INGBNL2A//2911981
:86:100 OVERSCHRIJVING VAN KEEP IN TOUCH HULPVERLENING
:86:8987219602 7020335431378090 PZ
:86:NL33INGB0675887666
:86:05-10-2025 13:50 7020335431378090
:61:251006C344,00N100INGBNL2A//2911982
:86:100 OVERSCHRIJVING VAN MW T VAN DER PAS
:86:8988057066 7020455737530682 HB
:86:NL57INGB0002251916
:86:05-10-2025 22:04 7020455737530682
:61:251006C763,80N100INGBNL2A//2911983
:86:100 OVERSCHRIJVING VAN MW P DIJKGAT E/O HR N P GIBCUS
:86:8987769591 7020305731560199 EH
:86:NL49INGB0009454601
:86:05-10-2025 19:24 7020305731560199
:61:251006C451,00N100INGBNL2A//2911984
:86:100 OVERSCHRIJVING VAN HR CAS VAN REE
:86:8983844458 7020426037505149 LH
:86:NL49INGB0111833930
:86:03-10-2025 18:10 7020426037505149
:61:251006C15,00N100INGBNL2A//2911985
:86:100 OVERSCHRIJVING VAN HR C H AMIEL EN/OF MW M AMIEL-VAN KUIK
:86:8985022754 7020074834593778 EH
:86:NL12INGB0004519907
:86:04-10-2025 11:08 7020074834593778
:61:251006C671,70N100INGBNL2A//2911986
:86:100 OVERSCHRIJVING VAN MW M KORTHOFF-BRANDT
:86:8984298604 7020406613596187 VN
:86:NL83INGB0004307557
:86:03-10-2025 22:25 7020406613596187
:61:251006C696,80N100INGBNL2A//2911987
:86:100 OVERSCHRIJVING VAN HR RJ NIJHOLT, MW N HEINRICHS
:86:8985155819 7020436637473472 LH
:86:NL66INGB0704446006
:86:04-10-2025 12:03 7020436637473472
:61:251006C928,80N100INGBNL2A//2911988
:86:100 OVERSCHRIJVING VAN HR R A MEIJER EN/OF MW C H MEIJER-BAKKER
:86:8984379571 7020734219566082 ZV
:86:NL44INGB0004746020
:86:03-10-2025 23:30 7020734219566082
:61:251006C183,20N100INGBNL2A//2911989
:86:100 OVERSCHRIJVING VAN HR RA BAKKENES, MW JF BAKKENES-MINNAARD
:86:8985114272 7020696916352953 KV
:86:NL91INGB0002342484
:86:04-10-2025 11:45 7020696916352953
:61:251006C215,00N100INGBNL2A//2911990
:86:100 OVERSCHRIJVING VAN HR D VAN DER ZANDEN
:86:8987587774 7020565413348489 HH
:86:NL46INGB0006521763
:86:05-10-2025 17:43 7020565413348489
:61:251006C365,62N100INGBNL2A//2911991
:86:100 OVERSCHRIJVING VAN MW P W A C M VONK-MINNAERT HR B C M VONK
:86:8983953980 7020654231324294 BS
:86:NL66INGB0001125196
:86:03-10-2025 19:00 7020654231324294
:61:251006C5,00N100SNSBNL2A//2911992
:86:100 OVERSCHRIJVING VAN S. MOLLEMAN
:86:8987150922 7020236913529974 MD
:86:NL79SNSB8846165160
:86:2025-10-05T13:07 7020236913529974
:61:251006C476,20N100INGBNL2A//2911993
:86:100 OVERSCHRIJVING VAN MW LR VAN DER HEIDE,HR C BOUW
:86:8987187673 7020526034318750 HH
:86:NL04INGB0656352000
:86:05-10-2025 13:32 7020526034318750
:61:251006C233,16N100INGBNL2A//2911994
:86:100 OVERSCHRIJVING VAN MW E DE BEUS
:86:8987440614 7020184528588927 VM
:86:NL20INGB0008799694
:86:05-10-2025 16:09 7020184528588927
:61:251006C791,80N100INGBNL2A//2911995
:86:100 OVERSCHRIJVING VAN MW MW FARBOTKO
:86:8984840500 7020974828591849 LH
:86:NL17INGB0700011951
:86:04-10-2025 09:44 7020974828591849
:61:251006C955,60N100INGBNL2A//2911996
:86:100 OVERSCHRIJVING VAN HR MFL NELISSEN,MW SR DE GELDER
:86:8987547388 7020294528379182 VM
:86:NL60INGB0106199390
:86:05-10-2025 17:18 7020294528379182
:61:251006C285,80N100INGBNL2A//2911997
:86:100 OVERSCHRIJVING VAN M KRAMER
:86:8987435227 7020164531350067 HH
:86:NL85INGB0008247758
:86:05-10-2025 16:10 7020164531350067
:61:251006C682,92N100INGBNL2A//2911998
:86:100 OVERSCHRIJVING VAN J W M J VAN HAUTUM E/O M M C VAN HAUTUM-DE
:86:8987062735 7020736013468855 KM
:86:NL49INGB0007657676
:86:05-10-2025 12:16 7020736013468855
:61:251006C1350,30N100INGBNL2A//2911999
:86:100 OVERSCHRIJVING VAN S A HOMMELS
:86:8987941380 7020974825559026 EH
:86:NL96INGB0001447763
:86:05-10-2025 20:56 7020974825559026
:61:251006C7,50N100INGBNL2A//2912000
:86:100 OVERSCHRIJVING VAN MW M VAN DEN AKKER
:86:8987732390 7020485122319869 HH
:86:NL40INGB0001063487
:86:05-10-2025 19:02 7020485122319869
:61:251006C15,00N100INGBNL2A//2912001
:86:100 OVERSCHRIJVING VAN HR A RAMPADARATH, MW R BALAK
:86:8987707364 7020624510349797 KV
:86:NL36INGB0672256223
:86:05-10-2025 18:49 7020624510349797
:61:251006C256,10N100ASNBNL21//2912002
:86:100 OVERSCHRIJVING VAN S.C. VAN HETEREN
:86:8987404135 7020624225439761 KV
:86:NL88ASNB0707847281
:86:2025-10-05T15:48 7020624225439761
:61:251006C1394,56N100INGBNL2A//2912003
:86:100 OVERSCHRIJVING VAN HR P M HARTEVELD
:86:8985448391 7020946919413574 MD
:86:NL41INGB0005009041
:86:04-10-2025 14:18 7020946919413574
:61:251006C59,00N100INGBNL2A//2912004
:86:100 OVERSCHRIJVING VAN HR SM VAN LAMMEREN
:86:8987247287 7020675719468738 HB
:86:NL89INGB0008579911
:86:05-10-2025 14:09 7020675719468738
:61:251006C60,00N100INGBNL2A//2912005
:86:100 OVERSCHRIJVING VAN HR A BOGERD EN MW J E BOGERD-DIJXHOORN
:86:8985153139 7020804531593421 MD
:86:NL49INGB0003481923
:86:04-10-2025 12:03 7020804531593421
:61:251006C423,94N100INGBNL2A//2912006
:86:100 OVERSCHRIJVING VAN HR TNA VERSTEEGH
:86:8985375424 7020405119411399 EH
:86:NL39INGB0390590479
:86:04-10-2025 13:46 7020405119411399
:61:251006C530,43N100SNSBNL2A//2912007
:86:100 OVERSCHRIJVING VAN J. KORT E/O W.M. VAN VILSTEREN
:86:8985245814 7020136313323940 PZ
:86:NL53SNSB0910270872
:86:2025-10-04T12:45 7020136313323940
:61:251006C250,00N100INGBNL2A//2912008
:86:100 OVERSCHRIJVING VAN HR VH RODENBURG, MW C RODENBURG-BAUMEISTER
:86:8987911701 7020164228498309 LH
:86:NL32INGB0007485613
:86:05-10-2025 20:40 7020164228498309
:61:251006C469,90N100INGBNL2A//2912009
:86:100 OVERSCHRIJVING VAN MW R BUITENHUIS,HR L OLDE BOERRIGTER
:86:8987880072 7020226931349281 HB
:86:NL42INGB0702080705
:86:05-10-2025 20:25 7020226931349281
:61:251006C901,88N100INGBNL2A//2912010
:86:100 OVERSCHRIJVING VAN HR EW WESTDIJK
:86:8987217089 7020494216348315 HH
:86:NL67INGB0005313735
:86:05-10-2025 13:49 7020494216348315
:61:251006C541,20N100INGBNL2A//2912011
:86:100 OVERSCHRIJVING VAN HR S ENTING
:86:8984038930 7020575416566505 SR
:86:NL40INGB0004312599
:86:03-10-2025 19:42 7020575416566505
:61:251006C815,80N100INGBNL2A//2912012
:86:100 OVERSCHRIJVING VAN HR M VAN DER MEULEN, MW I MIJLIUS
:86:8983949906 7020305737566313 HB
:86:NL33INGB0008863092
:86:03-10-2025 18:57 7020305737566313
:61:251006C1592,75N100INGBNL2A//2912014
:86:100 OVERSCHRIJVING VAN HR A RIJNBERG EN/OF MW C RIJNBERG-TERHORST
:86:8985363483 7020344519532299 VN
:86:NL84INGB0679601848
:86:04-10-2025 13:40 7020344519532299
:61:251006C499,24N100INGBNL2A//2912015
:86:100 OVERSCHRIJVING VAN HR S ROMIJN EN/OF MW C C F HAKKENS
:86:8983776300 7020316622565965 OD
:86:NL14INGB0749389273
:86:03-10-2025 17:41 7020316622565965
:61:251006C520,00N100INGBNL2A//2912016
:86:100 OVERSCHRIJVING VAN HR SB DERRIKS
:86:8987167237 7020525128558996 TH
:86:NL63INGB0660518155
:86:05-10-2025 13:19 7020525128558996
:61:251006C1076,70N100INGBNL2A//2912017
:86:100 OVERSCHRIJVING VAN HR RD VAN DEN BOUT
:86:8984076675 7020396322444711 HB
:86:NL95INGB0008694069
:86:03-10-2025 19:58 7020396322444711
:61:251006C487,96N100INGBNL2A//2912018
:86:100 OVERSCHRIJVING VAN HR J W JACOBS EN/OF MW M E P JACOBS-JANSSE
:86:8984075267 7020145416595971 EH
:86:NL18INGB0004261391
:86:03-10-2025 19:58 7020145416595971
:61:251006C1541,60N100INGBNL2A//2912019
:86:100 OVERSCHRIJVING VAN MW JD VAN BROUWERSHAVEN,HR K VERHOEVEN
:86:8987501691 7020186313318300 VN
:86:NL22INGB0795420382
:86:05-10-2025 16:48 7020186313318300
:61:251006C586,92N100INGBNL2A//2912020
:86:100 OVERSCHRIJVING VAN HR J C W KIVITS
:86:8986902915 7020004510348657 KM
:86:NL81INGB0675032814
:86:05-10-2025 10:38 7020004510348657
:61:251006C59,00N100INGBNL2A//2912021
:86:100 OVERSCHRIJVING VAN MW CEJW HEIJ
:86:8986223338 7020385410383106 HB
:86:NL40INGB0000897811
:86:04-10-2025 21:01 7020385410383106
:61:251006C468,74N100INGBNL2A//2912022
:86:100 OVERSCHRIJVING VAN MW G JANSEN-LEERDAM, MW AGE VAN HEYZEN-JAN
:86:8987383062 7020416310318606 AR
:86:NL48INGB0003245843
:86:05-10-2025 15:33 7020416310318606
:61:251006C250,00N100INGBNL2A//2912023
:86:100 OVERSCHRIJVING VAN MW CM VAN VEEN-VAN AS, HR WH VAN VEEN
:86:8987823685 7020166928468441 VM
:86:NL58INGB0005061115
:86:05-10-2025 19:55 7020166928468441
:61:251006C379,90N100RBRBNL21//2912024
:86:100 OVERSCHRIJVING VAN L.G.M. GROOTE PUNT
:86:8987127149 7020475113349053 HB
:86:NL92RBRB0900551712
:86:2025-10-05T12:54 7020475113349053
:61:251006C1926,00N100INGBNL2A//2912025
:86:100 OVERSCHRIJVING VAN MW SCP NOBEL-VERHOEVEN
:86:8987308399 7020184834469449 EH
:86:NL44INGB0002211507
:86:05-10-2025 14:45 7020184834469449
:61:251006C2108,12N100INGBNL2A//2912026
:86:100 OVERSCHRIJVING VAN HR R DONZE
:86:8987234528 7020005416590166 SL
:86:NL20INGB0008594733
:86:05-10-2025 14:02 7020005416590166
:61:251006C815,94N100INGBNL2A//2912027
:86:100 OVERSCHRIJVING VAN HR JM VAN LIERE
:86:8987809577 7020544234348960 HH
:86:NL86INGB0110717570
:86:05-10-2025 19:46 7020544234348960
:61:251006C245,00N100INGBNL2A//2912028
:86:100 OVERSCHRIJVING VAN HR W DE JONG,MW PMJ DE JONG-SNELDERS
:86:8984263139 7020046928416487 TH
:86:NL32INGB0003960148
:86:03-10-2025 21:57 7020046928416487
:61:251006C457,48N100INGBNL2A//2912029
:86:100 OVERSCHRIJVING VAN HR G COBAN, MW C TEKIN
:86:8988615298 7020015113527460 PZ
:86:NL98INGB0674391144
:86:06-10-2025 08:53 7020015113527460
:61:251006C747,00N100INGBNL2A//2912030
:86:100 OVERSCHRIJVING VAN MW D DE ROOIJ,HR MY VERSTEEG
:86:8988591421 7020424237317343 EP
:86:NL78INGB0390583278
:86:06-10-2025 08:43 7020424237317343
:61:251006C161,40N100INGBNL2A//2912031
:86:100 OVERSCHRIJVING VAN HR CH TUITHOF, MW B VELLINGA
:86:8988596945 7020185410347031 KV
:86:NL87INGB0664039308
:86:06-10-2025 08:47 7020185410347031
:61:251006C870,47N541BBRUBEBB//2912032
:86:541 CREDIT TRANSACTIE VAN DE H PETER POPELIER
:86:BOEKINGSNUMMER 7704747 FAMILIE DE CLERCQ
:86:BE95652816592158
:86:024A6AF8B44C46B2AF080E70F0058FA2
:61:251006C237,04N541RABONL2UXXX//2912033
:86:541 CREDIT TRANSACTIE VAN M.M.W. RIBBERS EO DRS. M.W. RIBBERS-DE 
:86:3798860
:86:NL36RABO0334249864
:61:251006C411,61N100RABONL2U//2912034
:86:100 OVERSCHRIJVING VAN S.M. CORNEILLE EO M. GODDRIE
:86:8988792690 7020664213585456 PZ XUI-67113207
:86:NL52RABO0368797678
:86:06-10-2025 10:04 7020664213585456
:61:251006C274,90N100RABONL2U//2912035
:86:100 OVERSCHRIJVING VAN E.J.J.T. VERHOEKX
:86:8988787332 7020396925526227 PZ XUI-47207988
:86:NL15RABO0181203642
:86:06-10-2025 10:03 7020396925526227
:61:251006C19,50N100INGBNL2A//2912059
:86:100 OVERSCHRIJVING VAN MW A VERHAPPEN
:86:8984140233 7020586034354006 KV
:86:NL89INGB0004840367
:86:03-10-2025 20:34 7020586034354006
:61:251006C669,10N100INGBNL2A//2912060
:86:100 OVERSCHRIJVING VAN MW K HOVINGA
:86:8985032953 7020494537561822 HH
:86:NL49INGB0655183019
:86:04-10-2025 11:11 7020494537561822
:61:251006C712,35N100INGBNL2A//2912061
:86:100 OVERSCHRIJVING VAN HR AHC VERVOORN
:86:8986161194 7020235113531882 MD
:86:NL76INGB0687526892
:86:04-10-2025 20:13 7020235113531882
:61:251006C140,00N100INGBNL2A//2912062
:86:100 OVERSCHRIJVING VAN MW AMR DE VOCHT, HR AAM MARKX
:86:8985706792 7020625725531402 HB
:86:NL09INGB0005305952
:86:04-10-2025 16:15 7020625725531402
:61:251006C993,70N100INGBNL2A//2912063
:86:100 OVERSCHRIJVING VAN MAYCHELLIN STEIGERBOUW
:86:8986221941 7020385437562125 HB
:86:NL70INGB0008116205
:86:04-10-2025 20:59 7020385437562125
:61:251006C24,00N100INGBNL2A//2912064
:86:100 OVERSCHRIJVING VAN HR JM DALHUISEN, MW EC SUURLAND
:86:8986276352 7020405734533073 PZ
:86:NL58INGB0681934875
:86:04-10-2025 21:41 7020405734533073
:61:251006C909,96N100SNSBNL2A//2912065
:86:100 OVERSCHRIJVING VAN C. VAN DER LEEK
:86:8987978109 7020414828589626 VM
:86:NL38SNSB0963126539
:86:2025-10-05T21:18 7020414828589626
:61:251006C295,10N100SNSBNL2A//2912066
:86:100 OVERSCHRIJVING VAN J. VAN WEPEREN E/O R. WALDUS
:86:8987998554 7020986616530094 HH
:86:NL79SNSB0773245197
:86:2025-10-05T21:30 7020986616530094
:61:251006C65,00N100INGBNL2A//2912067
:86:100 OVERSCHRIJVING VAN MW P PRAMITA SARI
:86:8987769642 7020326934438129 ZV
:86:NL94INGB0114359679
:86:05-10-2025 19:24 7020326934438129
:61:251006C413,10N100INGBNL2A//2912068
:86:100 OVERSCHRIJVING VAN HR N HOLSAPPEL,DD HOLSAPPEL-RAGGERS
:86:8987961188 7020324225529374 HH
:86:NL21INGB0798555343
:86:05-10-2025 21:09 7020324225529374
:61:251006C1384,00N100INGBNL2A//2912069
:86:100 OVERSCHRIJVING VAN MW J DONCKERS
:86:8988044946 7020806028440103 TH
:86:NL74INGB0006820698
:86:05-10-2025 21:57 7020806028440103
:61:251006C1618,18N100INGBNL2A//2912070
:86:100 OVERSCHRIJVING VAN HR J M G M REIJNDERS MW M G J REIJNDERS-KL
:86:8988044925 7020224819350400 SL
:86:NL33INGB0000694625
:86:05-10-2025 21:57 7020224819350400
:61:251006C1280,04N100SNSBNL2A//2912071
:86:100 OVERSCHRIJVING VAN M. BRINXMA
:86:8987896226 7020486610529104 EH
:86:NL70SNSB0933347642
:86:2025-10-05T20:32 7020486610529104
:61:251006C374,80N100ASNBNL21//2912072
:86:100 OVERSCHRIJVING VAN J.P. LANKELMA E/O J.H. SCHONHOFF
:86:8987928887 7020426328528873 KV
:86:NL48ASNB0932082998
:86:2025-10-05T20:50 7020426328528873
:61:251006C587,00N100INGBNL2A//2912073
:86:100 OVERSCHRIJVING VAN MW WI KROEP PEETERS, HR FJJ PEETERS
:86:8987111355 7020064216320376 TH
:86:NL82INGB0705036545
:86:05-10-2025 12:44 7020064216320376
:61:251006C5,00N100INGBNL2A//2912074
:86:100 OVERSCHRIJVING VAN I PEETERS-VAN DER SCHAAF, HR B PEETERS
:86:8987394323 7020795428380640 HH
:86:NL50INGB0758571615
:86:05-10-2025 15:40 7020795428380640
:61:251006C861,88N100SNSBNL2A//2912075
:86:100 OVERSCHRIJVING VAN S. VAN DER MEULEN E/O W.M. NIJENHUIS
:86:8983891390 7020686022414489 PZ
:86:NL28SNSB8839031243
:86:2025-10-03T18:31 7020686022414489
:61:251006C562,80N100INGBNL2A//2912076
:86:100 OVERSCHRIJVING VAN MW D BAKKENIST
:86:8987725417 7020234528438174 HB
:86:NL02INGB0008574299
:86:05-10-2025 18:58 7020234528438174
:61:251006C349,36N100INGBNL2A//2912077
:86:100 OVERSCHRIJVING VAN HR RHM VAN OPDORP, MW GEJ JETTEN
:86:8984686016 7020305422382164 EP
:86:NL45INGB0797788611
:86:04-10-2025 08:03 7020305422382164
:61:251006C505,34N100INGBNL2A//2912078
:86:100 OVERSCHRIJVING VAN HR J SCHUYER,MW CE MAIJERS
:86:8986956825 7020475719408147 AR
:86:NL86INGB0004233977
:86:05-10-2025 11:13 7020475719408147
:61:251006C128,75N100INGBNL2A//2912079
:86:100 OVERSCHRIJVING VAN MW M IJSEBRANDS,HR G VAN BUUREN
:86:8986177334 7020505113593805 VM
:86:NL95INGB0112332749
:86:04-10-2025 20:24 7020505113593805
:61:251006C129,00N100INGBNL2A//2912080
:86:100 OVERSCHRIJVING VAN R ROMEIJNSEN E/O C N VAN DER NETTEN VAN ST
:86:8986213046 7020156925473667 VM
:86:NL43INGB0006198419
:86:04-10-2025 20:56 7020156925473667
:61:251006C28,00N100INGBNL2A//2912081
:86:100 OVERSCHRIJVING VAN HR SHJ BOUWENS,MW PJA VAN GASTEL
:86:8986959979 7020525716590436 PZ
:86:NL05INGB0005138408
:86:05-10-2025 11:12 7020525716590436
:61:251006C118,00N100INGBNL2A//2912082
:86:100 OVERSCHRIJVING VAN HR A D M SIERMANS
:86:8986823383 7020186628350205 KV
:86:NL28INGB0004570447
:86:05-10-2025 09:49 7020186628350205
:61:251006C217,10N100INGBNL2A//2912083
:86:100 OVERSCHRIJVING VAN MW WTB DUIJTS
:86:8984293573 7020625122355476 KV
:86:NL18INGB0003589181
:86:03-10-2025 22:19 7020625122355476
:61:251006C536,34N100INGBNL2A//2912084
:86:100 OVERSCHRIJVING VAN HR D BATENBURG
:86:8985258976 7020865734411636 VM
:86:NL30INGB0001679326
:86:04-10-2025 12:50 7020865734411636
:61:251006C569,08N100INGBNL2A//2912085
:86:100 OVERSCHRIJVING VAN HR C S VISSER
:86:8987129821 7020585131500550 MD
:86:NL32INGB0004360952
:86:05-10-2025 12:53 7020585131500550
:61:251006C525,61N100INGBNL2A//2912086
:86:100 OVERSCHRIJVING VAN MW E GRYCZKOWSKA, HR M JANSEN
:86:8987626091 7020885113590847 BT
:86:NL55INGB0673576051
:86:05-10-2025 18:05 7020885113590847
:61:251006C1122,84N100INGBNL2A//2912087
:86:100 OVERSCHRIJVING VAN HR NPF PARIDAANS, MW DCM VAN DE VEN
:86:8987685102 7020836637318192 LH
:86:NL34INGB0670175706
:86:05-10-2025 18:36 7020836637318192
:61:251006C934,80N100INGBNL2A//2912088
:86:100 OVERSCHRIJVING VAN MW K ROOS,HR JD SOL
:86:8987681897 7020335137560430 EH
:86:NL61INGB0112840671
:86:05-10-2025 18:33 7020335137560430
:61:251006C259,32N100INGBNL2A//2912054
:86:100 OVERSCHRIJVING VAN MW G SALOMA GOROSTIAGA
:86:8983636266 7020516025594630 HE
:86:NL95INGB0663380243
:86:03-10-2025 16:44 7020516025594630
:61:251006C551,60N100INGBNL2A//2912056
:86:100 OVERSCHRIJVING VAN MW D S DE VOS
:86:8986941817 7020045137319794 MD
:86:NL40INGB0007313973
:86:05-10-2025 11:03 7020045137319794
:61:251006C441,80N100INGBNL2A//2912057
:86:100 OVERSCHRIJVING VAN HR B MAES,MW DEH HUBERTS
:86:8987073434 7020494219470514 EP
:86:NL07INGB0655960260
:86:05-10-2025 12:22 7020494219470514
:61:251006C46,80N100RBRBNL21//2912058
:86:100 OVERSCHRIJVING VAN E.J. GRUNDMANN E/O D.M. VAN EIJK-GRUNDMANN
:86:8984010490 7020796325326196 MD
:86:NL24RBRB0697535622
:86:2025-10-03T19:26 7020796325326196
:61:251006C75,80N100INGBNL2A//2912055
:86:100 OVERSCHRIJVING VAN MW S VAN EGMOND
:86:8986104492 7020886928322941 EP
:86:NL23INGB0002219839
:86:04-10-2025 19:35 7020886928322941
:61:251006C17,22N100KNABNL2H//2912036
:86:100 OVERSCHRIJVING VAN CLAUDIA AKERBOOM
:86:8984752334 7020574231442368 AR
:86:NL49KNAB0776561138
:86:2025-10-04T06:55 7020574231442368
:61:251006C367,40N100KNABNL2H//2912037
:86:100 OVERSCHRIJVING VAN MH ALLROUND DIENSTVERLENIN
:86:8985260215 7020335119532701 VN
:86:NL47KNAB0417199260
:86:2025-10-04T10:51 7020335119532701
:61:251006C464,60N100KNABNL2H//2912038
:86:100 OVERSCHRIJVING VAN RKT ALLROUND SERVICES
:86:8985772217 7020705122562251 HH
:86:NL63KNAB0601231252
:86:2025-10-04T02:45 7020705122562251
:61:251006C843,24N100KNABNL2H//2912039
:86:100 OVERSCHRIJVING VAN J-SKETCH
:86:8985697589 7020285422441417 HE
:86:NL84KNAB0416845223
:86:2025-10-04T02:11 7020285422441417
:61:251006C511,10N100KNABNL2H//2912040
:86:100 OVERSCHRIJVING VAN K.J.M. VAN KERKHOF EN/OF A
:86:8987760507 7020476334318432 MD
:86:NL48KNAB0604442319
:86:2025-10-05T05:18 7020476334318432
:61:251006C459,48N100KNABNL2H//2912041
:86:100 OVERSCHRIJVING VAN P. BODE EN/OF M. P. VOS
:86:8984831870 7020575110472881 SL
:86:NL55KNAB0280925271
:86:2025-10-04T07:39 7020575110472881
:61:251006C48,00N100KNABNL2H//2912042
:86:100 OVERSCHRIJVING VAN PATRICIA VAN LEEUWEN
:86:8986718712 7020855113588540 EP
:86:NL03KNAB0776264370
:86:2025-10-05T06:11 7020855113588540
:61:251006C1017,34N100KNABNL2H//2912043
:86:100 OVERSCHRIJVING VAN R. J. UITTENBOGAARD EN/OF
:86:8984856723 7020116925353250 LA
:86:NL18KNAB0618539190
:86:2025-10-04T07:51 7020116925353250
:61:251006C262,40N100KNABNL2H//2912044
:86:100 OVERSCHRIJVING VAN SALSA FAMILIA DANCE COMPAN
:86:8987218235 7020505110410613 EP
:86:NL86KNAB0602640539
:86:2025-10-05T11:50 7020505110410613
:61:251006C1126,85N100KNABNL2H//2912045
:86:100 OVERSCHRIJVING VAN K.J.M. VAN KERKHOF EN/OF A
:86:8987782518 7020306634470526 HH
:86:NL48KNAB0604442319
:86:2025-10-05T05:30 7020306634470526
:61:251006C1106,32N100KNABNL2H//2912046
:86:100 OVERSCHRIJVING VAN SG TIMMERWERK EN DIENSTVER
:86:8987289723 7020486610590670 EH
:86:NL52KNAB0616554443
:86:2025-10-05T12:33 7020486610590670
:61:251006C116,00N100SNSBNL2A//2912047
:86:100 OVERSCHRIJVING VAN C. PRIJS E/O M. KAMERMAN
:86:8986152003 7020126322533133 EH
:86:NL44SNSB0852389582
:86:2025-10-04T20:08 7020126322533133
:61:251006C5,00N100SNSBNL2A//2912048
:86:100 OVERSCHRIJVING VAN A.M.G. TUIJP
:86:8983351193 7020264819414357 MD
:86:NL13SNSB0905227980
:86:2025-10-03T14:47 7020264819414357
:61:251006C375,66N100INGBNL2A//2912049
:86:100 OVERSCHRIJVING VAN HR MP BORGMAN,MW TT STUPERS
:86:8986899175 7020434210529785 HB
:86:NL16INGB0006001413
:86:05-10-2025 10:36 7020434210529785
:61:251006C586,70N100INGBNL2A//2912050
:86:100 OVERSCHRIJVING VAN HR DFJ KRAMER,MW W KRAMER-MEYER
:86:8985000899 7020585113382881 ZV
:86:NL64INGB0001076538
:86:04-10-2025 10:58 7020585113382881
:61:251006C759,40N100ASNBNL21//2912051
:86:100 OVERSCHRIJVING VAN W. BIJENHOF E/O B.C. BORSJE
:86:8985662010 7020396631352062 HB
:86:NL38ASNB0785897194
:86:2025-10-04T15:55 7020396631352062
:61:251006C1056,89N100INGBNL2A//2912052
:86:100 OVERSCHRIJVING VAN HR DJC VAN LOON,MW JMP VAN DER BURGT
:86:8986758668 7020536319560478 HA
:86:NL28INGB0672703440
:86:05-10-2025 08:59 7020536319560478
:61:251006C1873,85N100RBRBNL21//2912053
:86:100 OVERSCHRIJVING VAN C.D. VAN LEENEN E/O J. VAN LEENEN-WESTSTRA
:86:8984126526 7020165722535383 EH
:86:NL33RBRB8842698113
:86:2025-10-03T20:29 7020165722535383
:61:251006C677,16N100RABONL2U//2912089
:86:100 OVERSCHRIJVING VAN D.A.A.M. ROKS EO J.J.E.M. ROKS-DE VUGT
:86:8988793742 7020376616435156 LH XUI-98514365
:86:NL12RABO0140724141
:86:06-10-2025 10:05 7020376616435156
:61:251006C283,80N100ABNANL2A//2912147
:86:100 OVERSCHRIJVING VAN IS KRIJGER DATEMA
:86:8986719441 7020675419559083 EH
:86:NL26ABNA0469369221
:86:05-10-2025 08:13 7020675419559083
:61:251006C978,40N100ABNANL2A//2912148
:86:100 OVERSCHRIJVING VAN DW WEBBINK CJ
:86:8985359195 7020065719591870 HB
:86:NL88ABNA0540073636
:86:04-10-2025 13:36 7020065719591870
:61:251006C65,00N100ABNANL2A//2912149
:86:100 OVERSCHRIJVING VAN S SEWBARAN CJ
:86:8985373488 7020544825351357 PZ
:86:NL29ABNA0461231158
:86:04-10-2025 13:44 7020544825351357
:61:251006C59,00N100ABNANL2A//2912150
:86:100 OVERSCHRIJVING VAN P DE RONDE
:86:8987236734 7020004837318957 HB
:86:NL90ABNA0544280490
:86:05-10-2025 14:02 7020004837318957
:61:251006C1381,45N100ABNANL2A//2912151
:86:100 OVERSCHRIJVING VAN BIJLARD M
:86:8988009685 7020035122438147 KV
:86:NL23ABNA0897990838
:86:05-10-2025 21:35 7020035122438147
:61:251006C140,00N100ABNANL2A//2912152
:86:100 OVERSCHRIJVING VAN D DE BOER
:86:8988027654 7020026931349422 ZV
:86:NL75ABNA0891509526
:86:05-10-2025 21:46 7020026931349422
:61:251006C63,75N100ABNANL2A//2912153
:86:100 OVERSCHRIJVING VAN DEKKER L D
:86:8985372514 7020176628532341 EH
:86:NL37ABNA0867958707
:86:04-10-2025 13:45 7020176628532341
:61:251006C1006,40N100ABNANL2A//2912154
:86:100 OVERSCHRIJVING VAN WHG POUWELS CJ
:86:8985951863 7020656919382800 KV
:86:NL62ABNA0503937045
:86:04-10-2025 18:15 7020656919382800
:61:251006C250,00N100ABNANL2A//2912155
:86:100 OVERSCHRIJVING VAN FAP VAN DONGEN
:86:8985745938 7020085731383745 SL
:86:NL68ABNA0573208808
:86:04-10-2025 16:36 7020085731383745
:61:251006C21,00N100ABNANL2A//2912156
:86:100 OVERSCHRIJVING VAN CHRISTIAAN ESSER
:86:8984816550 7020944828503967 LH
:86:NL51ABNA0491697007
:86:04-10-2025 09:33 7020944828503967
:61:251006C521,60N100ABNANL2A//2912157
:86:100 OVERSCHRIJVING VAN BROERSMA E CJ
:86:8987018895 7020015131319995 LH
:86:NL59ABNA0877291748
:86:05-10-2025 11:47 7020015131319995
:61:251006C433,00N100ABNANL2A//2912158
:86:100 OVERSCHRIJVING VAN V DE JONG
:86:8984153979 7020835713355866 TH
:86:NL45ABNA0624047989
:86:03-10-2025 20:43 7020835713355866
:61:251006C837,31N100ABNANL2A//2912159
:86:100 OVERSCHRIJVING VAN EA NUYEN CJ
:86:8987133401 7020254528558738 PZ
:86:NL74ABNA0505518511
:86:05-10-2025 12:56 7020254528558738
:61:251006C373,75N100ABNANL2A//2912160
:86:100 OVERSCHRIJVING VAN S BOLLEMAN
:86:8984746741 7020115425351144 KM
:86:NL56ABNA0591933225
:86:04-10-2025 08:53 7020115425351144
:61:251006C606,20N100ABNANL2A//2912161
:86:100 OVERSCHRIJVING VAN S SHIVA KUMAR
:86:8987017886 7020796616588963 HB
:86:NL94ABNA0106469657
:86:05-10-2025 11:47 7020796616588963
:61:251006C468,60N100ABNANL2A//2912162
:86:100 OVERSCHRIJVING VAN CPM VAN LEEUWEN
:86:8986977161 7020926022439404 MD
:86:NL92ABNA0828321965
:86:05-10-2025 11:24 7020926022439404
:61:251006C525,09N100ABNANL2A//2912163
:86:100 OVERSCHRIJVING VAN A SWITTERS
:86:8986049645 7020365713413799 HE
:86:NL86ABNA0486262340
:86:04-10-2025 19:06 7020365713413799
:61:251006C7,00N100ABNANL2A//2912164
:86:100 OVERSCHRIJVING VAN T DE NOOIJER
:86:8985937082 7020586934411267 HH
:86:NL79ABNA0490365469
:86:04-10-2025 18:05 7020586934411267
:61:251006C457,48N100ABNANL2A//2912165
:86:100 OVERSCHRIJVING VAN M JAGER
:86:8985974794 7020225422592632 PZ
:86:NL20ABNA0139865276
:86:04-10-2025 18:24 7020225422592632
:61:251006C493,50N100ABNANL2A//2912166
:86:100 OVERSCHRIJVING VAN D DUIVENVOORDEN
:86:8988145378 7020215413438708 KV
:86:NL06ABNA0251750760
:86:05-10-2025 23:10 7020215413438708
:61:251006C420,27N100ABNANL2A//2912167
:86:100 OVERSCHRIJVING VAN JM DE JONG CJ
:86:8988398177 7020634516585333 VM
:86:NL46ABNA0876402589
:86:06-10-2025 06:17 7020634516585333
:61:251006C1310,32N100ABNANL2A//2912168
:86:100 OVERSCHRIJVING VAN G HERZI BONNEVELD CJ
:86:8985928964 7020044531382491 EH
:86:NL45ABNA0424240793
:86:04-10-2025 18:01 7020044531382491
:61:251006C30,00N100ABNANL2A//2912169
:86:100 OVERSCHRIJVING VAN B JANSEN
:86:8987104622 7020704510380448 EH
:86:NL14ABNA0553232630
:86:05-10-2025 12:38 7020704510380448
:61:251006C30,00N100ABNANL2A//2912170
:86:100 OVERSCHRIJVING VAN RH MEEREBOER CJ
:86:8984024726 7020186634325614 EH
:86:NL53ABNA0493408924
:86:03-10-2025 19:32 7020186634325614
:61:251006C16,03N100ABNANL2A//2912171
:86:100 OVERSCHRIJVING VAN JA SANCHEZ HARINCK CJ
:86:8987094670 7020656625440607 HE
:86:NL29ABNA0867217189
:86:05-10-2025 12:32 7020656625440607
:61:251006C548,70N100INGBNL2A//2912090
:86:100 OVERSCHRIJVING VAN MW M OUWERLING-BORST
:86:8987898727 7020216637408465 HB
:86:NL52INGB0009164808
:86:05-10-2025 20:34 7020216637408465
:61:251006C26,00N100INGBNL2A//2912091
:86:100 OVERSCHRIJVING VAN HR J T SPLINTER
:86:8988382894 7020885725495906 PZ
:86:NL47INGB0754574008
:86:06-10-2025 05:44 7020885725495906
:61:251006C1084,70N100INGBNL2A//2912092
:86:100 OVERSCHRIJVING VAN MW M D H GOERTZ
:86:8986161088 7020336913503205 HB
:86:NL60INGB0006605416
:86:04-10-2025 20:12 7020336913503205
:61:251006C659,74N100INGBNL2A//2912093
:86:100 OVERSCHRIJVING VAN HR MFBA BROEKMAN,MW CEM BROEKMAN-KLUYTMANS
:86:8986246794 7020056922412467 PZ
:86:NL05INGB0004255611
:86:04-10-2025 21:17 7020056922412467
:61:251006C454,59N100INGBNL2A//2912094
:86:100 OVERSCHRIJVING VAN MW K DE WAARD
:86:8986931328 7020575428438099 EH
:86:NL12INGB0753021862
:86:05-10-2025 10:57 7020575428438099
:61:251006C684,88N100INGBNL2A//2912095
:86:100 OVERSCHRIJVING VAN MW F L THIEME-VAN ROSSUM
:86:8987094503 7020714828410193 KM
:86:NL41INGB0005317404
:86:05-10-2025 12:31 7020714828410193
:61:251006C526,90N100INGBNL2A//2912096
:86:100 OVERSCHRIJVING VAN HR REJ ADRIAANSSEN
:86:8983687139 7020466316445704 MD
:86:NL77INGB0751091847
:86:03-10-2025 17:04 7020466316445704
:61:251006C1148,90N100INGBNL2A//2912097
:86:100 OVERSCHRIJVING VAN MC VAN ROOIJEN-VAN HATTEM
:86:8987526481 7020534516498696 AG
:86:NL65INGB0008933617
:86:05-10-2025 17:05 7020534516498696
:61:251006C603,00N100INGBNL2A//2912098
:86:100 OVERSCHRIJVING VAN MW SL VAN BENNEKOM
:86:8984797786 7020805431502668 MD
:86:NL95INGB0792505867
:86:04-10-2025 09:23 7020805431502668
:61:251006C592,88N100INGBNL2A//2912099
:86:100 OVERSCHRIJVING VAN MW L SEGERS-DE MAN EN/OF HR P S M SEGERS
:86:8986744833 7020046025380997 KM
:86:NL49INGB0665560273
:86:05-10-2025 08:42 7020046025380997
:61:251006C459,50N100INGBNL2A//2912100
:86:100 OVERSCHRIJVING VAN MW M KOELEWIJN, HR B LOEF
:86:8986787608 7020156628530058 HH
:86:NL42INGB0002815950
:86:05-10-2025 09:24 7020156628530058
:61:251006C560,40N100INGBNL2A//2912101
:86:100 OVERSCHRIJVING VAN HR DCA SCHOUTEN,MW H DE JONG
:86:8984217793 7020304828326883 MD
:86:NL71INGB0670192112
:86:03-10-2025 21:25 7020304828326883
:61:251006C488,45N100INGBNL2A//2912102
:86:100 OVERSCHRIJVING VAN R BIJKER
:86:8985397892 7020146019443130 HH
:86:NL81INGB0008876099
:86:04-10-2025 13:56 7020146019443130
:61:251006C279,60N100INGBNL2A//2912103
:86:100 OVERSCHRIJVING VAN HR P STRUIJK EN/OF MW C STRUIJK-PADMOS
:86:8987102040 7020664822499329 EP
:86:NL08INGB0004366913
:86:05-10-2025 12:40 7020664822499329
:61:251006C164,93N100INGBNL2A//2912104
:86:100 OVERSCHRIJVING VAN HR M J VAN SCHOOTEN EN/OF MW M VAN SCHOOTE
:86:8984998160 7020544834411042 PZ
:86:NL24INGB0005630632
:86:04-10-2025 10:56 7020544834411042
:61:251006C414,20N100INGBNL2A//2912105
:86:100 OVERSCHRIJVING VAN MW L VAN 'T KLOOSTER
:86:8986996115 7020075419529449 MD
:86:NL82INGB0006735000
:86:05-10-2025 11:35 7020075419529449
:61:251006C454,80N100INGBNL2A//2912106
:86:100 OVERSCHRIJVING VAN HR GJ WENTZEL,MW NM STAPPENBELT
:86:8984352087 7020236631564666 HB
:86:NL42INGB0656749016
:86:03-10-2025 23:05 7020236631564666
:61:251006C473,80N100INGBNL2A//2912107
:86:100 OVERSCHRIJVING VAN MW JHA VAN DE KLUNDERT
:86:8987233138 7020276613408810 MD
:86:NL80INGB0748189068
:86:05-10-2025 14:00 7020276613408810
:61:251006C449,28N100INGBNL2A//2912108
:86:100 OVERSCHRIJVING VAN HR S WAGEMANS, MW KS SCHAFFER
:86:8987181862 7020085734348774 KV
:86:NL31INGB0652486355
:86:05-10-2025 13:26 7020085734348774
:61:251006C1821,56N100INGBNL2A//2912109
:86:100 OVERSCHRIJVING VAN HR R KEGEL-VAN ENGELEN, MW MDG VAN ENGELEN
:86:8987369070 7020704228349542 EH
:86:NL56INGB0675874351
:86:05-10-2025 15:23 7020704228349542
:61:251006C250,88N100INGBNL2A//2912110
:86:100 OVERSCHRIJVING VAN J M SCHUILING-KLEINHEERENBRINK
:86:8987445395 7020324225499275 HH
:86:NL67INGB0002957702
:86:05-10-2025 16:13 7020324225499275
:61:251006C15,00N100INGBNL2A//2912111
:86:100 OVERSCHRIJVING VAN MW A VAN WEELE
:86:8987351683 7020084822588090 MD
:86:NL08INGB0792605209
:86:05-10-2025 15:14 7020084822588090
:61:251006C57,00N100INGBNL2A//2912112
:86:100 OVERSCHRIJVING VAN MW CCC TENTEN
:86:8985826974 7020336331383730 SL
:86:NL42INGB0794142435
:86:04-10-2025 17:10 7020336331383730
:61:251006C414,82N100INGBNL2A//2912113
:86:100 OVERSCHRIJVING VAN MW JJ VISSER-VAN RIJSWIJK,HR JC VISSER
:86:8984236630 7020604222566277 KM
:86:NL10INGB0695007653
:86:03-10-2025 21:39 7020604222566277
:61:251006C480,90N100INGBNL2A//2912114
:86:100 OVERSCHRIJVING VAN MW C N LINTHOUT
:86:8985728657 7020986331443019 BK
:86:NL23INGB0007996383
:86:04-10-2025 16:25 7020986331443019
:61:251006C324,25N100ABNANL2A//2912115
:86:100 OVERSCHRIJVING VAN FH MOORMAN CJ
:86:8987508557 7020556310498426 KV
:86:NL44ABNA0539021881
:86:05-10-2025 16:55 7020556310498426
:61:251006C226,80N100ABNANL2A//2912116
:86:100 OVERSCHRIJVING VAN A STOLK
:86:8986343232 7020824522531780 HB
:86:NL86ABNA0508335175
:86:04-10-2025 22:39 7020824522531780
:61:251006C512,50N100ABNANL2A//2912117
:86:100 OVERSCHRIJVING VAN MHHA RAIKE CJ
:86:8986401524 7020924219382941 KV
:86:NL27ABNA0476442346
:86:04-10-2025 23:37 7020924219382941
:61:251006C8,95N100ABNANL2A//2912118
:86:100 OVERSCHRIJVING VAN TAMARA SCHREUDERS
:86:8985131530 7020295731471579 VM
:86:NL73ABNA0405651694
:86:04-10-2025 11:55 7020295731471579
:61:251006C537,00N100ABNANL2A//2912119
:86:100 OVERSCHRIJVING VAN R MASSELINK CJ
:86:8986363654 7020686313532053 EP
:86:NL09ABNA0570453712
:86:04-10-2025 23:00 7020686313532053
:61:251006C612,48N100ABNANL2A//2912120
:86:100 OVERSCHRIJVING VAN ES LAKERVELD CJ
:86:8986351922 7020316334321525 HE
:86:NL18ABNA0565707825
:86:04-10-2025 22:49 7020316334321525
:61:251006C28,50N100ABNANL2A//2912121
:86:100 OVERSCHRIJVING VAN ZANDBERGEN J M M
:86:8987952598 7020555416559491 ZV
:86:NL25ABNA0843116447
:86:05-10-2025 21:02 7020555416559491
:61:251006C1228,90N100ABNANL2A//2912122
:86:100 OVERSCHRIJVING VAN R MEURS CJ
:86:8985451392 7020464234562299 LH
:86:NL94ABNA0460757113
:86:04-10-2025 14:19 7020464234562299
:61:251006C295,00N100ABNANL2A//2912123
:86:100 OVERSCHRIJVING VAN L I S A STAR CJ
:86:8988046934 7020985419530172 MD
:86:NL37ABNA0113733267
:86:05-10-2025 21:58 7020985419530172
:61:251006C1918,91N100ABNANL2A//2912124
:86:100 OVERSCHRIJVING VAN AG BROEKEN CJ
:86:8985093365 7020504213352593 HE
:86:NL07ABNA0433856602
:86:04-10-2025 11:38 7020504213352593
:61:251006C953,34N100ABNANL2A//2912125
:86:100 OVERSCHRIJVING VAN JHB POTS CJ
:86:8985172399 7020116925383844 VM
:86:NL04ABNA0617617724
:86:04-10-2025 12:13 7020116925383844
:61:251006C1315,36N100ABNANL2A//2912126
:86:100 OVERSCHRIJVING VAN J BODE CJ
:86:8987974424 7020456310590091 AR
:86:NL39ABNA0545749891
:86:05-10-2025 21:17 7020456310590091
:61:251006C537,16N100ABNANL2A//2912127
:86:100 OVERSCHRIJVING VAN ASSELMAN-KAMPS N A CJ
:86:8987839847 7020264522438534 EH
:86:NL39ABNA0842967591
:86:05-10-2025 20:02 7020264522438534
:61:251006C398,40N100ABNANL2A//2912128
:86:100 OVERSCHRIJVING VAN M ZWARTS
:86:8987584893 7020375122440145 LH
:86:NL55ABNA0608303739
:86:05-10-2025 17:40 7020375122440145
:61:251006C294,22N100ABNANL2A//2912129
:86:100 OVERSCHRIJVING VAN K VAN KLEEF
:86:8987947067 7020195119410625 AR
:86:NL98ABNA0439340993
:86:05-10-2025 21:00 7020195119410625
:61:251006C1215,40N100ABNANL2A//2912130
:86:100 OVERSCHRIJVING VAN A R VAN KAMPEN
:86:8987981449 7020534525440265 EH
:86:NL75ABNA0451476107
:86:05-10-2025 21:19 7020534525440265
:61:251006C972,90N100ABNANL2A//2912131
:86:100 OVERSCHRIJVING VAN J B STERK CJ
:86:8987600740 7020636325530754 KV
:86:NL56ABNA0886641535
:86:05-10-2025 17:49 7020636325530754
:61:251006C764,80N100ABNANL2A//2912132
:86:100 OVERSCHRIJVING VAN JE KROL CJ
:86:8987650504 7020625125319176 HB
:86:NL52ABNA0581533151
:86:05-10-2025 18:16 7020625125319176
:61:251006C1118,36N100ABNANL2A//2912133
:86:100 OVERSCHRIJVING VAN L MAAS
:86:8988020767 7020946337529845 EH
:86:NL89ABNA0560799802
:86:05-10-2025 21:41 7020946337529845
:61:251006C1272,40N100ABNANL2A//2912134
:86:100 OVERSCHRIJVING VAN DAL BRINKMEIJER CJ
:86:8988093256 7020555134319542 LH
:86:NL37ABNA0492662894
:86:05-10-2025 22:30 7020555134319542
:61:251006C146,50N100ABNANL2A//2912135
:86:100 OVERSCHRIJVING VAN AJM VERMEER
:86:8984640140 7020694225593223 VM
:86:NL27ABNA0555953343
:86:04-10-2025 07:06 7020694225593223
:61:251006C287,75N100ABNANL2A//2912136
:86:100 OVERSCHRIJVING VAN J PRINS CJ
:86:8986724468 7020355731408462 HH
:86:NL92ABNA0489859380
:86:05-10-2025 08:20 7020355731408462
:61:251006C304,08N100ABNANL2A//2912137
:86:100 OVERSCHRIJVING VAN OLIVEIRA N DE
:86:8983789434 7020476337476517 EH
:86:NL78ABNA0838930913
:86:03-10-2025 17:46 7020476337476517
:61:251006C1438,04N100ABNANL2A//2912138
:86:100 OVERSCHRIJVING VAN C ROL
:86:8985514170 7020005416353034 EH
:86:NL83ABNA0986380814
:86:04-10-2025 14:49 7020005416353034
:61:251006C725,90N100ABNANL2A//2912139
:86:100 OVERSCHRIJVING VAN EF BENEDICTUS ZOUTMAN
:86:8985367235 7020185428381825 HB
:86:NL92ABNA0531872505
:86:04-10-2025 13:41 7020185428381825
:61:251006C1845,35N100ABNANL2A//2912140
:86:100 OVERSCHRIJVING VAN MEH HENSELS BEHEER BV
:86:8983993474 7020766637476481 KV
:86:NL60ABNA0881435570
:86:03-10-2025 19:17 7020766637476481
:61:251006C878,24N100ABNANL2A//2912141
:86:100 OVERSCHRIJVING VAN RM VAN DER HEIDE CJ
:86:8987163041 7020505113558222 EH
:86:NL04ABNA0471638447
:86:05-10-2025 13:15 7020505113558222
:61:251006C690,35N100ABNANL2A//2912142
:86:100 OVERSCHRIJVING VAN MPF CORRADI CJ
:86:8984048069 7020116331536022 ZV
:86:NL80ABNA0496191853
:86:03-10-2025 19:45 7020116331536022
:61:251006C642,60N100ABNANL2A//2912143
:86:100 OVERSCHRIJVING VAN THIRSA VAN DER VLIST
:86:8988048226 7020596034410973 LH
:86:NL31ABNA0581150864
:86:05-10-2025 21:57 7020596034410973
:61:251006C932,40N100ABNANL2A//2912144
:86:100 OVERSCHRIJVING VAN JFM DER KINDEREN
:86:8987702198 7020526322469038 ZV
:86:NL60ABNA0520370627
:86:05-10-2025 18:46 7020526322469038
:61:251006C747,23N100ABNANL2A//2912145
:86:100 OVERSCHRIJVING VAN E GROENHUIJZEN V WIJK CJ
:86:8986842099 7020136925588039 EH
:86:NL29ABNA0519028317
:86:05-10-2025 10:02 7020136925588039
:61:251006C454,44N100ABNANL2A//2912146
:86:100 OVERSCHRIJVING VAN L HENDRIKS
:86:8985446748 7020276313593955 KM
:86:NL38ABNA0539245186
:86:04-10-2025 14:18 7020276313593955
:61:251006C505,00N100ABNANL2A//2912201
:86:100 OVERSCHRIJVING VAN LM VAN LEENT
:86:8986108828 7020746910323523 HB
:86:NL07ABNA0132951835
:86:04-10-2025 19:40 7020746910323523
:61:251006C178,45N100ABNANL2A//2912202
:86:100 OVERSCHRIJVING VAN L MUIJLWIJK
:86:8986178140 7020866922533394 HH
:86:NL11ABNA0602162491
:86:04-10-2025 20:25 7020866922533394
:61:251006C477,66N100ABNANL2A//2912203
:86:100 OVERSCHRIJVING VAN MEH MARTINO IMMERZEEL
:86:8985723381 7020046034532992 MD
:86:NL80ABNA0618718664
:86:04-10-2025 16:23 7020046034532992
:61:251006C200,00N100ABNANL2A//2912204
:86:100 OVERSCHRIJVING VAN R J WIELAARD KARMAN
:86:8985166798 7020896016471528 EH
:86:NL93ABNA0417298900
:86:04-10-2025 12:08 7020896016471528
:61:251006C502,60N100ABNANL2A//2912205
:86:100 OVERSCHRIJVING VAN E SICHEVAIA CJ
:86:8984227312 7020695710536034 ZV
:86:NL80ABNA0607695196
:86:03-10-2025 21:32 7020695710536034
:61:251006C447,60N100ABNANL2A//2912206
:86:100 OVERSCHRIJVING VAN G A MOURITS CJ
:86:8984221570 7020146931474675 HH
:86:NL24ABNA0114097445
:86:03-10-2025 21:29 7020146931474675
:61:251006C14,00N100ABNANL2A//2912207
:86:100 OVERSCHRIJVING VAN AJCM VERBAANDERT
:86:8984201363 7020516013594891 KV
:86:NL74ABNA0806086009
:86:03-10-2025 21:12 7020516013594891
:61:251006C928,80N100ABNANL2A//2912208
:86:100 OVERSCHRIJVING VAN JEROEN FRELINK CJ
:86:8986231435 7020566016413064 ZV
:86:NL82ABNA0431589720
:86:04-10-2025 21:06 7020566016413064
:61:251006C702,80N100ABNANL2A//2912209
:86:100 OVERSCHRIJVING VAN J GELDERBLOM
:86:8986276315 7020795125531951 MD
:86:NL40ABNA0824754174
:86:04-10-2025 21:40 7020795125531951
:61:251006C155,40N100ABNANL2A//2912172
:86:100 OVERSCHRIJVING VAN BURGHARDT W F JR CJ
:86:8987215978 7020255719560097 VM
:86:NL42ABNA0823544451
:86:05-10-2025 13:49 7020255719560097
:61:251006C632,74N100ABNANL2A//2912173
:86:100 OVERSCHRIJVING VAN T DE GRAEF
:86:8985629753 7020116028352341 BS
:86:NL93ABNA0477161189
:86:04-10-2025 15:39 7020116028352341
:61:251006C911,11N100ABNANL2A//2912174
:86:100 OVERSCHRIJVING VAN I SCHILDERS CJ
:86:8985619490 7020044510531843 PZ
:86:NL17ABNA0482383194
:86:04-10-2025 15:35 7020044510531843
:61:251006C1008,00N100ABNANL2A//2912175
:86:100 OVERSCHRIJVING VAN WDG OWEN
:86:8987111360 7020545716559359 MD
:86:NL84ABNA0496440780
:86:05-10-2025 12:44 7020545716559359
:61:251006C745,40N100ABNANL2A//2912176
:86:100 OVERSCHRIJVING VAN JF HENDRIKS
:86:8986865699 7020534828529320 HH
:86:NL08ABNA0574542183
:86:05-10-2025 10:19 7020534828529320
:61:251006C2876,60N100ABNANL2A//2912177
:86:100 OVERSCHRIJVING VAN CCM BLAUW CJ
:86:8987145961 7020444210319227 SL
:86:NL40ABNA0479423407
:86:05-10-2025 13:03 7020444210319227
:61:251006C79,50N100ABNANL2A//2912178
:86:100 OVERSCHRIJVING VAN S J M FRIEDERICHS
:86:8987048267 7020526634500478 VM
:86:NL63ABNA0606123326
:86:05-10-2025 12:06 7020526634500478
:61:251006C59,95N100ABNANL2A//2912179
:86:100 OVERSCHRIJVING VAN JBJ BLOK
:86:8987054093 7020705119349806 VM
:86:NL20ABNA0566318695
:86:05-10-2025 12:09 7020705119349806
:61:251006C60,00N100ABNANL2A//2912180
:86:100 OVERSCHRIJVING VAN MEER M VD
:86:8986044085 7020974810352740 EH
:86:NL48ABNA0980036771
:86:04-10-2025 19:04 7020974810352740
:61:251006C29,50N100ABNANL2A//2912181
:86:100 OVERSCHRIJVING VAN EJ GELDERLAND CJ
:86:8987311624 7020634837348303 KV
:86:NL89ABNA0562767835
:86:05-10-2025 14:46 7020634837348303
:61:251006C112,00N100ABNANL2A//2912182
:86:100 OVERSCHRIJVING VAN ANS DORLANDT
:86:8987392694 7020056031348348 ZV
:86:NL75ABNA0403911478
:86:05-10-2025 15:38 7020056031348348
:61:251006C1672,44N100ABNANL2A//2912183
:86:100 OVERSCHRIJVING VAN R APPELS CJ
:86:8986203105 7020395722562467 EH
:86:NL56ABNA0535485239
:86:04-10-2025 20:45 7020395722562467
:61:251006C28,50N100ABNANL2A//2912184
:86:100 OVERSCHRIJVING VAN R BOOT
:86:8987054501 7020004222468096 HH
:86:NL23ABNA0524654425
:86:05-10-2025 12:08 7020004222468096
:61:251006C57,00N100ABNANL2A//2912185
:86:100 OVERSCHRIJVING VAN H POST CJ
:86:8987059056 7020695410380556 SL
:86:NL03ABNA0414195647
:86:05-10-2025 12:11 7020695410380556
:61:251006C52,50N100ABNANL2A//2912186
:86:100 OVERSCHRIJVING VAN KYRA VERMAAS
:86:8987297558 7020525131500382 HB
:86:NL22ABNA0603720889
:86:05-10-2025 14:37 7020525131500382
:61:251006C78,00N100ABNANL2A//2912187
:86:100 OVERSCHRIJVING VAN R BOOT
:86:8987084392 7020156319350169 HH
:86:NL23ABNA0524654425
:86:05-10-2025 12:25 7020156319350169
:61:251006C20,00N100ABNANL2A//2912188
:86:100 OVERSCHRIJVING VAN B VAN DER WEGEN CJ
:86:8987429406 7020886628409812 BF
:86:NL26ABNA0573289298
:86:05-10-2025 16:02 7020886628409812
:61:251006C765,60N100ABNANL2A//2912189
:86:100 OVERSCHRIJVING VAN M CRIELAARD CJ
:86:8986044321 7020266634471138 ZV
:86:NL98ABNA0506707202
:86:04-10-2025 19:03 7020266634471138
:61:251006C486,96N100ABNANL2A//2912190
:86:100 OVERSCHRIJVING VAN MARC KOSTER CJ
:86:8985997172 7020716025352071 KV
:86:NL11ABNA0811753980
:86:04-10-2025 18:39 7020716025352071
:61:251006C322,61N100ABNANL2A//2912191
:86:100 OVERSCHRIJVING VAN AG BROEKEN CJ
:86:8985101401 7020924837321087 HE
:86:NL07ABNA0433856602
:86:04-10-2025 11:39 7020924837321087
:61:251006C1128,32N100ABNANL2A//2912192
:86:100 OVERSCHRIJVING VAN D GLAS
:86:8987015841 7020624516378366 VM
:86:NL30ABNA0505782367
:86:05-10-2025 11:45 7020624516378366
:61:251006C391,83N100ABNANL2A//2912193
:86:100 OVERSCHRIJVING VAN BS BRUTON CJ
:86:8986088795 7020325416562647 AR
:86:NL96ABNA0838606415
:86:04-10-2025 19:27 7020325416562647
:61:251006C250,00N100ABNANL2A//2912194
:86:100 OVERSCHRIJVING VAN S VAN TELLINGEN
:86:8987365398 7020245125588342 PZ
:86:NL66ABNA0509142672
:86:05-10-2025 15:23 7020245125588342
:61:251006C409,10N100ABNANL2A//2912195
:86:100 OVERSCHRIJVING VAN MARTIJN STUTVOET
:86:8987908160 7020974222470400 MD
:86:NL08ABNA0472535722
:86:05-10-2025 20:38 7020974222470400
:61:251006C673,28N100ABNANL2A//2912196
:86:100 OVERSCHRIJVING VAN A VAN DE KUIT CJ
:86:8987338859 7020066037319359 HE
:86:NL12ABNA0529185105
:86:05-10-2025 15:05 7020066037319359
:61:251006C392,85N100ABNANL2A//2912197
:86:100 OVERSCHRIJVING VAN AJ LAAN CJ
:86:8987010827 7020416637439740 PZ
:86:NL87ABNA0849961882
:86:05-10-2025 11:45 7020416637439740
:61:251006C576,20N100ABNANL2A//2912198
:86:100 OVERSCHRIJVING VAN JF VAN DER VECHTE
:86:8984238296 7020476010415488 HH
:86:NL78ABNA0621544310
:86:03-10-2025 21:39 7020476010415488
:61:251006C516,20N100ABNANL2A//2912199
:86:100 OVERSCHRIJVING VAN D Y VEENSTRA CJ
:86:8987346506 7020986019408141 LH
:86:NL04ABNA0107757303
:86:05-10-2025 15:12 7020986019408141
:61:251006C59,00N100ABNANL2A//2912200
:86:100 OVERSCHRIJVING VAN T VAN KOETSVELD CJ
:86:8986173601 7020416634471801 HB
:86:NL79ABNA0881052078
:86:04-10-2025 20:21 7020416634471801
:61:251006C15,40N100RABONL2U//2912210
:86:100 OVERSCHRIJVING VAN M. VAN DEN OEVER-SCHRODER
:86:8988803145 7020854528586938 MD XUI-93937579
:86:NL41RABO0128793783
:86:06-10-2025 10:10 7020854528586938
:61:251006C1310,32N100ABNANL2A//2912212
:86:100 OVERSCHRIJVING VAN SGM VAN WIJK CJ
:86:8986240583 7020366037322674 EH
:86:NL82ABNA0546371663
:86:04-10-2025 21:11 7020366037322674
:61:251006C783,80N100ABNANL2A//2912213
:86:100 OVERSCHRIJVING VAN Q U I N T I A MINCK CJ
:86:8986271297 7020575113592254 MD
:86:NL40ABNA0115980121
:86:04-10-2025 21:37 7020575113592254
:61:251006C150,00N100ABNANL2A//2912214
:86:100 OVERSCHRIJVING VAN M J H HULSEN
:86:8987584745 7020054210409221 KV
:86:NL35ABNA0561254443
:86:05-10-2025 17:39 7020054210409221
:61:251006C106,50N100ABNANL2A//2912215
:86:100 OVERSCHRIJVING VAN BORST K M
:86:8985090756 7020866025562359 AR
:86:NL33ABNA0868215635
:86:04-10-2025 11:38 7020866025562359
:61:251006C129,00N100ABNANL2A//2912216
:86:100 OVERSCHRIJVING VAN JOYCE MIESEN
:86:8987559355 7020075713528276 VM
:86:NL43ABNA0590346733
:86:05-10-2025 17:25 7020075713528276
:61:251006C1383,30N100ABNANL2A//2912217
:86:100 OVERSCHRIJVING VAN EETHUIS SCHOUWEN VOF
:86:8987421039 7020475728560898 KV
:86:NL64ABNA0596984065
:86:05-10-2025 15:57 7020475728560898
:61:251006C1572,59N100ABNANL2A//2912218
:86:100 OVERSCHRIJVING VAN HUIGEN T
:86:8987930920 7020314834438339 SL
:86:NL15ABNA0813551900
:86:05-10-2025 20:51 7020314834438339
:61:251006C415,62N100ABNANL2A//2912211
:86:100 OVERSCHRIJVING VAN J DOMBURG CJ
:86:8986206175 7020254528441105 AG
:86:NL36ABNA0545884969
:86:04-10-2025 20:47 7020254528441105
:61:251006C851,68N100INGBNL2A//2912282
:86:100 OVERSCHRIJVING VAN HR PCM DIJKHUIZEN, MW D SPIES
:86:8987221473 7020794510589893 EH
:86:NL54INGB0008683846
:86:05-10-2025 13:54 7020794510589893
:61:251006C26,95N100ABNANL2A//2912219
:86:100 OVERSCHRIJVING VAN WENDY SCHOLTENS
:86:8983798670 7020185716594078 EH
:86:NL82ABNA0514274557
:86:03-10-2025 17:50 7020185716594078
:61:251006C1089,60N100ABNANL2A//2912220
:86:100 OVERSCHRIJVING VAN L VAN BEEK
:86:8987791687 7020275422529113 HB
:86:NL08ABNA0561469687
:86:05-10-2025 19:35 7020275422529113
:61:251006C174,90N100ABNANL2A//2912221
:86:100 OVERSCHRIJVING VAN DUIJNMAIJER C
:86:8987982925 7020776919498540 LH
:86:NL78ABNA0867221836
:86:05-10-2025 21:20 7020776919498540
:61:251006C431,20N100ABNANL2A//2912222
:86:100 OVERSCHRIJVING VAN JAMJ SMITS CJ
:86:8985205637 7020526616532293 MD
:86:NL92ABNA0507826205
:86:04-10-2025 12:27 7020526616532293
:61:251006C377,65N100ABNANL2A//2912223
:86:100 OVERSCHRIJVING VAN J ROELOFSEN CJ
:86:8985205443 7020705125322503 MD
:86:NL39ABNA0453397743
:86:04-10-2025 12:25 7020705125322503
:61:251006C141,96N100ABNANL2A//2912224
:86:100 OVERSCHRIJVING VAN AH BERKHOFF CJ
:86:8985206643 7020394531351978 AR
:86:NL34ABNA0589871498
:86:04-10-2025 12:27 7020394531351978
:61:251006C134,00N100ABNANL2A//2912225
:86:100 OVERSCHRIJVING VAN J WIJNANDS CJ
:86:8986128178 7020056334412419 ZV
:86:NL30ABNA0514195274
:86:04-10-2025 19:52 7020056334412419
:61:251006C524,32N100ASNBNL21//2912226
:86:100 OVERSCHRIJVING VAN M. NIJKAMP
:86:8987140362 7020536913560049 HE
:86:NL02ASNB0942970039
:86:2025-10-05T13:01 7020536913560049
:61:251006C515,40N100INGBNL2A//2912227
:86:100 OVERSCHRIJVING VAN MW SW BRANDER-AALDERS
:86:8983676309 7020955116475422 MD
:86:NL55INGB0749170867
:86:03-10-2025 16:59 7020955116475422
:61:251006C456,40N100ASNBNL21//2912228
:86:100 OVERSCHRIJVING VAN M. KOHLMANN E/O I.J. VAN RIJSINGEN
:86:8983704450 7020275110446826 MD
:86:NL94ASNB0778101460
:86:2025-10-03T17:11 7020275110446826
:61:251006C742,06N100ASNBNL21//2912229
:86:100 OVERSCHRIJVING VAN F. KLUNGERS
:86:8986238781 7020465431353148 OD
:86:NL46ASNB0772914958
:86:2025-10-04T21:12 7020465431353148
:61:251006C65,00N100SNSBNL2A//2912230
:86:100 OVERSCHRIJVING VAN D.V. JAGMOHAN E/O P.A. GIRJASING
:86:8986244505 7020695737351987 EH
:86:NL26SNSB0903022354
:86:2025-10-04T21:16 7020695737351987
:61:251006C426,50N100ASNBNL21//2912231
:86:100 OVERSCHRIJVING VAN R.C.A. HOPSTAKEN E/O K.B.F. WELLEWEERD
:86:8987071001 7020296913499986 KV
:86:NL54ASNB8843622498
:86:2025-10-05T12:18 7020296913499986
:61:251006C59,00N100INGBNL2A//2912232
:86:100 OVERSCHRIJVING VAN MW A VISSER
:86:8986173563 7020184810381234 HB
:86:NL65INGB0678022739
:86:04-10-2025 20:21 7020184810381234
:61:251006C277,20N100INGBNL2A//2912233
:86:100 OVERSCHRIJVING VAN HR JJ HOENDERKEN, MW LG VAN DEN BROEK
:86:8986723391 7020244813408651 MD
:86:NL66INGB0007493246
:86:05-10-2025 08:17 7020244813408651
:61:251006C129,50N100INGBNL2A//2912234
:86:100 OVERSCHRIJVING VAN DE HEER D RIENKS EN MEVR J RIENKS-VAN SIND
:86:8986762508 7020865434559932 EH
:86:NL22INGB0002799820
:86:05-10-2025 08:59 7020865434559932
:61:251006C673,50N100INGBNL2A//2912235
:86:100 OVERSCHRIJVING VAN HR JH GEERTS
:86:8987322171 7020525713410949 HH
:86:NL92INGB0004013485
:86:05-10-2025 14:54 7020525713410949
:61:251006C208,00N100INGBNL2A//2912236
:86:100 OVERSCHRIJVING VAN MW N K TILSTRA
:86:8987469006 7020176031528123 EH
:86:NL98INGB0004389737
:86:05-10-2025 16:27 7020176031528123
:61:251006C602,90N100INGBNL2A//2912237
:86:100 OVERSCHRIJVING VAN MW J DE BOER
:86:8987471730 7020154528410721 HB
:86:NL23INGB0009172896
:86:05-10-2025 16:29 7020154528410721
:61:251006C1173,60N100INGBNL2A//2912238
:86:100 OVERSCHRIJVING VAN MW ST VAN BREUGEL
:86:8985901518 7020354525533328 EP
:86:NL81INGB0008118044
:86:04-10-2025 17:48 7020354525533328
:61:251006C617,25N100INGBNL2A//2912239
:86:100 OVERSCHRIJVING VAN AZURE GROUP
:86:8987191867 7020596037589797 HB
:86:NL52INGB0006239967
:86:05-10-2025 13:33 7020596037589797
:61:251006C477,60N100INGBNL2A//2912240
:86:100 OVERSCHRIJVING VAN MW R BUSCHERHOF
:86:8985973819 7020546916473640 ZV
:86:NL96INGB0681611278
:86:04-10-2025 18:25 7020546916473640
:61:251006C1855,08N100INGBNL2A//2912241
:86:100 OVERSCHRIJVING VAN HR A VAN DEN OEVER, MW AP BARNHOORN
:86:8987895298 7020516625348864 KV
:86:NL76INGB0666540845
:86:05-10-2025 20:30 7020516625348864
:61:251006C1231,34N100INGBNL2A//2912242
:86:100 OVERSCHRIJVING VAN MW LMM SIEKMAN, HR OV ZWIER
:86:8985048640 7020435713471168 VM
:86:NL73INGB0663185475
:86:04-10-2025 11:18 7020435713471168
:61:251006C1275,22N100INGBNL2A//2912243
:86:100 OVERSCHRIJVING VAN MW S COHEN
:86:8986852474 7020186319318987 PZ
:86:NL49INGB0007694245
:86:05-10-2025 10:08 7020186319318987
:61:251006C604,20N100INGBNL2A//2912244
:86:100 OVERSCHRIJVING VAN HR J ZUIDMEER, MW IJJ VAN KESSEL
:86:8984926605 7020405728591594 HH
:86:NL45INGB0755747550
:86:04-10-2025 10:24 7020405728591594
:61:251006C1148,00N100INGBNL2A//2912245
:86:100 OVERSCHRIJVING VAN HR GA KLAASSENS, MW NBG SMET
:86:8986992423 7020606616409656 HB
:86:NL14INGB0677530897
:86:05-10-2025 11:31 7020606616409656
:61:251006C461,20N100INGBNL2A//2912246
:86:100 OVERSCHRIJVING VAN HR B PEGGEMAN, MW KM SCHIPHOF
:86:8984131757 7020656931326259 KV
:86:NL84INGB0686040805
:86:03-10-2025 20:31 7020656931326259
:61:251006C466,20N100INGBNL2A//2912247
:86:100 OVERSCHRIJVING VAN MW NJ VAN DE KAMP
:86:8984136980 7020795119534477 HB
:86:NL23INGB0664830234
:86:03-10-2025 20:32 7020795119534477
:61:251006C674,30N100INGBNL2A//2912248
:86:100 OVERSCHRIJVING VAN HR JM VAN ECKEREN,MW W SCHUURMAN
:86:8986856965 7020766337499050 HH
:86:NL25INGB0005703849
:86:05-10-2025 10:12 7020766337499050
:61:251006C250,00N100INGBNL2A//2912249
:86:100 OVERSCHRIJVING VAN HR TDS VRIJENHOEK, MW YN VRIJENHOEK-VERHEU
:86:8983636317 7020956910535608 VN
:86:NL64INGB0792550366
:86:03-10-2025 16:44 7020956910535608
:61:251006C569,83N100INGBNL2A//2912250
:86:100 OVERSCHRIJVING VAN MW J N BORSTEN
:86:8985498568 7020514219592860 PZ
:86:NL32INGB0007379495
:86:04-10-2025 14:40 7020514219592860
:61:251006C396,80N100INGBNL2A//2912251
:86:100 OVERSCHRIJVING VAN HR R ROZEBOOM
:86:8987214833 7020504834500712 KV
:86:NL94INGB0656247851
:86:05-10-2025 13:49 7020504834500712
:61:251006C429,40N100SNSBNL2A//2912252
:86:100 OVERSCHRIJVING VAN M. COEVERT E/O M.J.A. DE KONING
:86:8985063083 7020375710593310 SR
:86:NL34SNSB0267999488
:86:2025-10-04T11:24 7020375710593310
:61:251006C395,40N100INGBNL2A//2912253
:86:100 OVERSCHRIJVING VAN HR WNT MEIJERS,MW E PALETTI
:86:8987109889 7020944837530559 HB
:86:NL56INGB0686465490
:86:05-10-2025 12:43 7020944837530559
:61:251006C30,00N100INGBNL2A//2912254
:86:100 OVERSCHRIJVING VAN MW BM HARTE-PRONK
:86:8987604434 7020114531349452 HB
:86:NL05INGB0007267073
:86:05-10-2025 17:53 7020114531349452
:61:251006C553,80N100INGBNL2A//2912255
:86:100 OVERSCHRIJVING VAN HR F J K VAN SANTEN
:86:8987493897 7020016931589950 KV
:86:NL33INGB0006821533
:86:05-10-2025 16:43 7020016931589950
:61:251006C11,40N100INGBNL2A//2912256
:86:100 OVERSCHRIJVING VAN M KRAMER
:86:8987493854 7020025137468054 HH
:86:NL85INGB0008247758
:86:05-10-2025 16:43 7020025137468054
:61:251006C295,40N100INGBNL2A//2912257
:86:100 OVERSCHRIJVING VAN MW MMA BODELIER
:86:8986138284 7020444837473073 KV
:86:NL89INGB0002739832
:86:04-10-2025 19:59 7020444837473073
:61:251006C380,52N100INGBNL2A//2912258
:86:100 OVERSCHRIJVING VAN MW MPW JONGERDEN-MAAS
:86:8984085083 7020046637596556 VN
:86:NL95INGB0754056619
:86:03-10-2025 20:05 7020046637596556
:61:251006C1114,00N100INGBNL2A//2912259
:86:100 OVERSCHRIJVING VAN MW P ZWARTJENS
:86:8987104334 7020985128588606 MD
:86:NL81INGB0798799188
:86:05-10-2025 12:40 7020985128588606
:61:251006C832,00N100INGBNL2A//2912260
:86:100 OVERSCHRIJVING VAN MW J R VAN DEURSEN
:86:8985887288 7020414519323133 TH
:86:NL75INGB0003496490
:86:04-10-2025 17:42 7020414519323133
:61:251006C65,00N100INGBNL2A//2912261
:86:100 OVERSCHRIJVING VAN MW L JACOBS,HR FHW STAM
:86:8986225357 7020664513473877 HB
:86:NL92INGB0797828796
:86:04-10-2025 21:01 7020664513473877
:61:251006C345,40N100INGBNL2A//2912262
:86:100 OVERSCHRIJVING VAN MW D VELTHOVEN
:86:8983971817 7020764213326301 MD
:86:NL51INGB0630463018
:86:03-10-2025 19:08 7020764213326301
:61:251006C1286,88N100INGBNL2A//2912263
:86:100 OVERSCHRIJVING VAN HR RM VERSLUIJS,MW SMJ VERSLUIJS-HARTMAN
:86:8984279276 7020794228535476 EP
:86:NL12INGB0749259426
:86:03-10-2025 22:07 7020794228535476
:61:251006C1371,75N100INGBNL2A//2912264
:86:100 OVERSCHRIJVING VAN MW NI HOOGEVEEN, HR S DEN HOLLANDER
:86:8987754009 7020004231529263 ZV
:86:NL62INGB0674430980
:86:05-10-2025 19:15 7020004231529263
:61:251006C620,94N100INGBNL2A//2912265
:86:100 OVERSCHRIJVING VAN HR JLF WARNAARS,MW F DE LANGE
:86:8987967174 7020066922318564 EH
:86:NL02INGB0704637472
:86:05-10-2025 21:11 7020066922318564
:61:251006C51,00N100INGBNL2A//2912266
:86:100 OVERSCHRIJVING VAN HR M C P F DRIESSEN EN/OF MW F M PETIT
:86:8988127116 7020694216409983 PZ
:86:NL92INGB0687370337
:86:05-10-2025 22:55 7020694216409983
:61:251006C477,10N100INGBNL2A//2912267
:86:100 OVERSCHRIJVING VAN MW JMG VAN DEN BROEK
:86:8988138539 7020214228350325 KV
:86:NL16INGB0005735148
:86:05-10-2025 23:04 7020214228350325
:61:251006C696,18N100INGBNL2A//2912268
:86:100 OVERSCHRIJVING VAN HR F R TIMP EN/OF MW S C TIMP-SINKELDAM
:86:8988071609 7020884522349431 KV
:86:NL90INGB0005902499
:86:05-10-2025 22:13 7020884522349431
:61:251006C570,80N100SNSBNL2A//2912269
:86:100 OVERSCHRIJVING VAN M. MEIJER
:86:8987901012 7020494525440694 EH
:86:NL73SNSB0935649786
:86:2025-10-05T20:36 7020494525440694
:61:251006C568,64N100INGBNL2A//2912270
:86:100 OVERSCHRIJVING VAN MW MHJ VLOEDMANS
:86:8985668029 7020105137533763 VM
:86:NL26INGB0004796881
:86:04-10-2025 15:58 7020105137533763
:61:251006C265,66N100INGBNL2A//2912271
:86:100 OVERSCHRIJVING VAN MW E BOUMA
:86:8987993219 7020495116470673 SL
:86:NL14INGB0443406944
:86:05-10-2025 21:26 7020495116470673
:61:251006C550,71N100INGBNL2A//2912272
:86:100 OVERSCHRIJVING VAN HR K NIEWOLD EN/OF MW P C NIEWOLD-EENJES
:86:8985077901 7020206013591654 HH
:86:NL32INGB0003408703
:86:04-10-2025 11:30 7020206013591654
:61:251006C598,08N100INGBNL2A//2912273
:86:100 OVERSCHRIJVING VAN HR EP STIKKELORUM,MW S LETSCH
:86:8984935891 7020034825413202 LH
:86:NL60INGB0004835360
:86:04-10-2025 10:29 7020034825413202
:61:251006C48,00N100INGBNL2A//2912274
:86:100 OVERSCHRIJVING VAN HR FHEJ KRAMER
:86:8985775395 7020736634593880 VM
:86:NL19INGB0689029187
:86:04-10-2025 16:47 7020736634593880
:61:251006C1384,46N100INGBNL2A//2912275
:86:100 OVERSCHRIJVING VAN MW S VAN DER ELST,HR M KOSTER
:86:8987112255 7020416016500469 HE
:86:NL28INGB0660642751
:86:05-10-2025 12:44 7020416016500469
:61:251006C252,20N100INGBNL2A//2912276
:86:100 OVERSCHRIJVING VAN HR SGP PLANKEN
:86:8987634952 7020894522320145 KV
:86:NL72INGB0796756724
:86:05-10-2025 18:07 7020894522320145
:61:251006C458,96N100INGBNL2A//2912277
:86:100 OVERSCHRIJVING VAN MW M VAN 'T WOUT-HONDERS
:86:8987463655 7020976037469239 MD
:86:NL26INGB0002324545
:86:05-10-2025 16:25 7020976037469239
:61:251006C803,00N100INGBNL2A//2912278
:86:100 OVERSCHRIJVING VAN MW S SLUIJMERS
:86:8986117099 7020116328471537 TH
:86:NL20INGB0672242737
:86:04-10-2025 19:44 7020116328471537
:61:251006C32,50N100INGBNL2A//2912279
:86:100 OVERSCHRIJVING VAN MW L WITVOET-OOSTWOUD EN/OF HR E M WITVOET
:86:8987690023 7020546625589149 VM
:86:NL08INGB0660517108
:86:05-10-2025 18:39 7020546625589149
:61:251006C75,00N100INGBNL2A//2912280
:86:100 OVERSCHRIJVING VAN HR A J M VAN EIJK E/O MW H E VAN EIJK-DE J
:86:8987831869 7020055116410961 HB
:86:NL20INGB0001899502
:86:05-10-2025 19:59 7020055116410961
:61:251006C657,70N100INGBNL2A//2912281
:86:100 OVERSCHRIJVING VAN HR LML BOKSEBELD, MW D TIMMER
:86:8987662385 7020215437320391 HB
:86:NL90INGB0670212334
:86:05-10-2025 18:23 7020215437320391
:61:251006C476,28N100INGBNL2A//2912283
:86:100 OVERSCHRIJVING VAN MW ASML VAN KOLCK
:86:8987357387 7020854537380994 EP
:86:NL74INGB0756716349
:86:05-10-2025 15:17 7020854537380994
:61:251006C485,04N100INGBNL2A//2912284
:86:100 OVERSCHRIJVING VAN MW CFM VONK,HR RFW SCHUURBIERS
:86:8983950829 7020565734446670 BS
:86:NL45INGB0755381084
:86:03-10-2025 18:59 7020565734446670
:61:251006C450,10N100INGBNL2A//2912285
:86:100 OVERSCHRIJVING VAN MW JH MIDDELKOOP-KRAMER,HR CM MIDDELKOOP
:86:8987312651 7020174810530160 SR
:86:NL64INGB0009170897
:86:05-10-2025 14:50 7020174810530160
:61:251006C59,00N100INGBNL2A//2912286
:86:100 OVERSCHRIJVING VAN MW TMW WIERSEMA
:86:8984885840 7020386034382767 LH
:86:NL34INGB0006211288
:86:04-10-2025 10:05 7020386034382767
:61:251006C49,50N100INGBNL2A//2912287
:86:100 OVERSCHRIJVING VAN HR H VAN MARRUM
:86:8984945756 7020594210593568 HH
:86:NL88INGB0008830868
:86:04-10-2025 10:33 7020594210593568
:61:251006C576,40N100INGBNL2A//2912288
:86:100 OVERSCHRIJVING VAN MW J HERMENS
:86:8987528596 7020566637590253 VN
:86:NL08INGB0003212031
:86:05-10-2025 17:06 7020566637590253
:61:251006C6,00N100INGBNL2A//2912289
:86:100 OVERSCHRIJVING VAN M VAN DE WIEL-VAN WANROOIJ
:86:8987141055 7020255434590259 VM
:86:NL77INGB0733716431
:86:05-10-2025 13:03 7020255434590259
:61:251006C2037,80N100INGBNL2A//2912290
:86:100 OVERSCHRIJVING VAN MW A PONT
:86:8987270950 7020104816438678 HB
:86:NL08INGB0009373277
:86:05-10-2025 14:23 7020104816438678
:61:251006C413,95N100INGBNL2A//2912291
:86:100 OVERSCHRIJVING VAN MW D VAN HAREN
:86:8986013729 7020304528473772 HB
:86:NL08INGB0008620266
:86:04-10-2025 18:46 7020304528473772
:61:251006C771,50N100INGBNL2A//2912292
:86:100 OVERSCHRIJVING VAN HR ENJ VAN LUIJK
:86:8987305312 7020525713379890 KV
:86:NL85INGB0003214137
:86:05-10-2025 14:45 7020525713379890
:61:251006C355,00N100INGBNL2A//2912293
:86:100 OVERSCHRIJVING VAN MW L VISSER,HR C VAN DER REE DOOLAARD
:86:8984236560 7020135137595272 HH
:86:NL20INGB0101844034
:86:03-10-2025 21:38 7020135137595272
:61:251006C3458,40N100INGBNL2A//2912294
:86:100 OVERSCHRIJVING VAN MW RJM ZEEMANS-BURGHOUT, HR R ZEEMANS
:86:8985335226 7020686334411603 HH
:86:NL18INGB0672045087
:86:04-10-2025 13:26 7020686334411603
:61:251006C260,48N100INGBNL2A//2912295
:86:100 OVERSCHRIJVING VAN I E DE VISSER
:86:8986228351 7020386631471357 LH
:86:NL43INGB0008694423
:86:04-10-2025 21:04 7020386631471357
:61:251006C113,25N100RBRBNL21//2912296
:86:100 OVERSCHRIJVING VAN J.J. KOEK E/O R. VAN DER VEEN
:86:8987464511 7020745731588309 EH
:86:NL22RBRB0778254984
:86:2025-10-05T16:24 7020745731588309
:61:251006C25,00N100INGBNL2A//2912297
:86:100 OVERSCHRIJVING VAN HR GJ NANNINGS,MW M CARSJENS
:86:8987612388 7020315113560724 KV
:86:NL91INGB0004602875
:86:05-10-2025 17:56 7020315113560724
:61:251006C1015,28N100INGBNL2A//2912298
:86:100 OVERSCHRIJVING VAN J VAN DER ROEST, CSA VAN DER ROEST-BOUWMAN
:86:8987806846 7020074222379461 EH
:86:NL06INGB0003360865
:86:05-10-2025 19:46 7020074222379461
:61:251006C958,00N100INGBNL2A//2912299
:86:100 OVERSCHRIJVING VAN HR B H VAN KRIMPEN
:86:8985040098 7020246310441177 EP
:86:NL04INGB0008341172
:86:04-10-2025 11:14 7020246310441177
:61:251006C57,00N100INGBNL2A//2912300
:86:100 OVERSCHRIJVING VAN MW J ZWIERS-WITTING
:86:8986828121 7020646919468765 SL
:86:NL26INGB0006026841
:86:05-10-2025 09:54 7020646919468765
:61:251006C565,39N100ABNANL2A//2912301
:86:100 OVERSCHRIJVING VAN JPM GLADDINES CJ
:86:8987508593 7020335713500061 EH
:86:NL70ABNA0506422720
:86:05-10-2025 16:55 7020335713500061
:61:251006C371,88N100ABNANL2A//2912302
:86:100 OVERSCHRIJVING VAN M VESTJENS
:86:8986428805 7020295737533235 KM
:86:NL11ABNA0459908790
:86:05-10-2025 00:14 7020295737533235
:61:251006C635,04N100ABNANL2A//2912303
:86:100 OVERSCHRIJVING VAN ATM AERTS CJ
:86:8987582458 7020704228528120 MD
:86:NL15ABNA0520552245
:86:05-10-2025 17:39 7020704228528120
:61:251006C322,80N100ABNANL2A//2912304
:86:100 OVERSCHRIJVING VAN J DUNGEN
:86:8987535050 7020776934558432 KV
:86:NL87ABNA0882927817
:86:05-10-2025 17:11 7020776934558432
:61:251006C228,00N100RABONL2U//2912305
:86:100 OVERSCHRIJVING VAN J.A.M. VAN MEERENDONK
:86:8988817618 7020955725376959 VM XUI-30051460
:86:NL41RABO0115955348
:86:06-10-2025 10:14 7020955725376959
:61:251006C540,96N100RABONL2U//2912306
:86:100 OVERSCHRIJVING VAN L. JONGSMA EO R.P. HUIZINGA
:86:8988822431 7020895722377829 SL XUI-69695321
:86:NL53RABO0342400274
:86:06-10-2025 10:15 7020895722377829
:61:251006C24,80N100ABNANL2A//2912308
:86:100 OVERSCHRIJVING VAN I MABELIS CJ
:86:8987529986 7020435419589749 KV
:86:NL11ABNA0416018521
:86:05-10-2025 17:06 7020435419589749
:61:251006C1014,80N100ABNANL2A//2912309
:86:100 OVERSCHRIJVING VAN CHRISSIE DE VRIES
:86:8987528839 7020206628439422 AG
:86:NL31ABNA0616447418
:86:05-10-2025 17:07 7020206628439422
:61:251006C95,00N100ABNANL2A//2912310
:86:100 OVERSCHRIJVING VAN P GEERATZ
:86:8987587298 7020016010439953 PZ
:86:NL82ABNA0813282004
:86:05-10-2025 17:44 7020016010439953
:61:251006C247,90N100ABNANL2A//2912311
:86:100 OVERSCHRIJVING VAN C EULINK
:86:8987528132 7020285116589119 LH
:86:NL68ABNA0565856499
:86:05-10-2025 17:07 7020285116589119
:61:251006C29,50N100ABNANL2A//2912312
:86:100 OVERSCHRIJVING VAN P KUSSE CJ
:86:8987822764 7020515722590268 KV
:86:NL17ABNA0499659961
:86:05-10-2025 19:54 7020515722590268
:61:251006C200,00N100ABNANL2A//2912313
:86:100 OVERSCHRIJVING VAN FJT DE KOK CJ
:86:8986342286 7020596334353697 HH
:86:NL27ABNA0567348709
:86:04-10-2025 22:38 7020596334353697
:61:251006C1080,56N100ABNANL2A//2912314
:86:100 OVERSCHRIJVING VAN R STERK CJ
:86:8988055830 7020604228500367 EH
:86:NL34ABNA0489182879
:86:05-10-2025 22:04 7020604228500367
:61:251006C667,72N100ABNANL2A//2912315
:86:100 OVERSCHRIJVING VAN AG HACKMANN GONS CJ
:86:8987544605 7020424222589821 VM
:86:NL38ABNA0588237752
:86:05-10-2025 17:16 7020424222589821
:61:251006C483,91N100ABNANL2A//2912316
:86:100 OVERSCHRIJVING VAN H SLOMP
:86:8983982024 7020646919564075 KM
:86:NL28ABNA0504636251
:86:03-10-2025 19:12 7020646919564075
:61:251006C550,70N100ABNANL2A//2912317
:86:100 OVERSCHRIJVING VAN T C DERKS
:86:8986788134 7020086013409470 KV
:86:NL92ABNA0127410732
:86:05-10-2025 09:24 7020086013409470
:61:251006C2622,00N100ABNANL2A//2912318
:86:100 OVERSCHRIJVING VAN MR VAN GENT CJ
:86:8986385396 7020716622472938 HH
:86:NL46ABNA0409938610
:86:04-10-2025 23:21 7020716622472938
:61:251006C886,95N100ABNANL2A//2912319
:86:100 OVERSCHRIJVING VAN DONNA BOUWMEESTER
:86:8986735097 7020485119499263 HH
:86:NL68ABNA0507785800
:86:05-10-2025 08:36 7020485119499263
:61:251006C482,48N100ABNANL2A//2912320
:86:100 OVERSCHRIJVING VAN R ZECHNER
:86:8983910036 7020634810505752 BS
:86:NL77ABNA0529625091
:86:03-10-2025 18:39 7020634810505752
:61:251006C32,00N100ABNANL2A//2912321
:86:100 OVERSCHRIJVING VAN LC BOOT CJ
:86:8987852632 7020436022438693 KV
:86:NL23ABNA0861890736
:86:05-10-2025 20:11 7020436022438693
:61:251006C1182,07N100ABNANL2A//2912322
:86:100 OVERSCHRIJVING VAN R E WESTERVELD CJ
:86:8985227327 7020374810443907 PZ
:86:NL93ABNA0422461822
:86:04-10-2025 12:38 7020374810443907
:61:251006C460,20N100ABNANL2A//2912323
:86:100 OVERSCHRIJVING VAN RMLH VAN HEESWIJK
:86:8986639882 7020686013350493 MD
:86:NL79ABNA0497432889
:86:05-10-2025 05:46 7020686013350493
:61:251006C536,20N100ABNANL2A//2912324
:86:100 OVERSCHRIJVING VAN G VERHOEF CJ
:86:8983959353 7020286613535125 HH
:86:NL56ABNA0528428101
:86:03-10-2025 19:03 7020286613535125
:61:251006C614,40N100ABNANL2A//2912325
:86:100 OVERSCHRIJVING VAN M REMY
:86:8985289361 7020346937473301 LH
:86:NL31ABNA0476450810
:86:04-10-2025 13:04 7020346937473301
:61:251006C16,00N100ABNANL2A//2912326
:86:100 OVERSCHRIJVING VAN MERSEL A J CJ
:86:8984005039 7020426622505416 PZ
:86:NL27ABNA0985631236
:86:03-10-2025 19:23 7020426622505416
:61:251006C270,96N100ABNANL2A//2912327
:86:100 OVERSCHRIJVING VAN RF TOOREN CJ
:86:8985217836 7020076337351582 KM
:86:NL58ABNA0495730432
:86:04-10-2025 12:32 7020076337351582
:61:251006C691,20N100ABNANL2A//2912328
:86:100 OVERSCHRIJVING VAN MYA DE ROOIJ
:86:8987581529 7020205119320814 KV
:86:NL94ABNA0453004970
:86:05-10-2025 17:38 7020205119320814
:61:251006C3326,80N100ABNANL2A//2912329
:86:100 OVERSCHRIJVING VAN S WARNTJES
:86:8985424309 7020126916502371 KV
:86:NL07ABNA0447324373
:86:04-10-2025 14:08 7020126916502371
:61:251006C135,00N100ABNANL2A//2912330
:86:100 OVERSCHRIJVING VAN HD KAASTRA
:86:8985262445 7020555434322266 KV
:86:NL72ABNA0515221651
:86:04-10-2025 12:52 7020555434322266
:61:251006C537,80N100ABNANL2A//2912331
:86:100 OVERSCHRIJVING VAN M MENTING CJ
:86:8985328809 7020536634322659 KV
:86:NL55ABNA0570166152
:86:04-10-2025 13:26 7020536634322659
:61:251006C0,52N100ABNANL2A//2912332
:86:100 OVERSCHRIJVING VAN MASSING J
:86:8983990482 7020384837505578 VM
:86:NL83ABNA0806299053
:86:03-10-2025 19:16 7020384837505578
:61:251006C282,25N100ABNANL2A//2912333
:86:100 OVERSCHRIJVING VAN K A M HAAN
:86:8983991812 7020614837354429 HB
:86:NL11ABNA0444204490
:86:03-10-2025 19:16 7020614837354429
:61:251006C1695,64N100ABNANL2A//2912334
:86:100 OVERSCHRIJVING VAN AE VAN KAATHOVEN
:86:8984668276 7020085422412158 KM
:86:NL14ABNA0536105146
:86:04-10-2025 07:43 7020085422412158
:61:251006C343,17N100ABNANL2A//2912335
:86:100 OVERSCHRIJVING VAN LEONARD L A
:86:8987688912 7020535128528312 PZ
:86:NL68ABNA0984469796
:86:05-10-2025 18:39 7020535128528312
:61:251006C250,00N100ABNANL2A//2912336
:86:100 OVERSCHRIJVING VAN LUBBINGE M E CJ
:86:8987877512 7020276337499317 EH
:86:NL03ABNA0849245206
:86:05-10-2025 20:23 7020276337499317
:61:251006C839,40N100ABNANL2A//2912337
:86:100 OVERSCHRIJVING VAN W VAN DUIJN CJ
:86:8983942349 7020576613354375 KM
:86:NL64ABNA0614788900
:86:03-10-2025 18:55 7020576613354375
:61:251006C905,30N100ABNANL2A//2912338
:86:100 OVERSCHRIJVING VAN SF KIEBOOM CJ
:86:8984863077 7020925122562683 KV
:86:NL61ABNA0823564479
:86:04-10-2025 09:55 7020925122562683
:61:251006C737,48N100ABNANL2A//2912339
:86:100 OVERSCHRIJVING VAN E M STERK CJ
:86:8983946395 7020645716474777 BT
:86:NL65ABNA0616217110
:86:03-10-2025 18:55 7020645716474777
:61:251006C790,68N100ABNANL2A//2912340
:86:100 OVERSCHRIJVING VAN R RIJN CJ
:86:8984011794 7020346928505797 MD
:86:NL46ABNA0482871164
:86:03-10-2025 19:26 7020346928505797
:61:251006C519,94N100ABNANL2A//2912341
:86:100 OVERSCHRIJVING VAN EIH VAN DUUREN
:86:8988083404 7020025410409464 HH
:86:NL02ABNA0493259783
:86:05-10-2025 22:23 7020025410409464
:61:251006C602,20N100ABNANL2A//2912342
:86:100 OVERSCHRIJVING VAN G LOGMAN
:86:8988188883 7020276919440166 EP
:86:NL17ABNA0475303067
:86:05-10-2025 23:53 7020276919440166
:61:251006C4,95N100ABNANL2A//2912343
:86:100 OVERSCHRIJVING VAN J KANDA
:86:8984780417 7020945737442689 HH
:86:NL77ABNA0571153216
:86:04-10-2025 09:11 7020945737442689
:61:251006C5,00N100ABNANL2A//2912344
:86:100 OVERSCHRIJVING VAN DQ SCHOLTEN CJ
:86:8987658493 7020135128500586 HH
:86:NL03ABNA0249412047
:86:05-10-2025 18:19 7020135128500586
:61:251006C1035,50N100ABNANL2A//2912345
:86:100 OVERSCHRIJVING VAN A MIERAS
:86:8987942382 7020304225378099 KV
:86:NL47ABNA0597904804
:86:05-10-2025 20:56 7020304225378099
:61:251006C2417,60N100ABNANL2A//2912346
:86:100 OVERSCHRIJVING VAN T CHAO
:86:8987950542 7020216619319224 KV
:86:NL26ABNA0102428891
:86:05-10-2025 21:02 7020216619319224
:61:251006C2200,09N100ABNANL2A//2912347
:86:100 OVERSCHRIJVING VAN J STIP
:86:8987218449 7020795434320901 AG
:86:NL48ABNA0419287434
:86:05-10-2025 13:52 7020795434320901
:61:251006C491,40N100ABNANL2A//2912348
:86:100 OVERSCHRIJVING VAN RM VAN VENDELOO CJ
:86:8986777190 7020494537529452 MD
:86:NL87ABNA0442123345
:86:05-10-2025 09:15 7020494537529452
:61:251006C200,00N100ABNANL2A//2912349
:86:100 OVERSCHRIJVING VAN P M HEIJ CJ
:86:8985818896 7020176610323367 VM
:86:NL68ABNA0409043583
:86:04-10-2025 17:06 7020176610323367
:61:251006C600,80N100ABNANL2A//2912350
:86:100 OVERSCHRIJVING VAN P J R CARDOSO
:86:8984030342 7020086019475299 HH
:86:NL07ABNA0599184469
:86:03-10-2025 19:34 7020086019475299
:61:251006C715,20N100ABNANL2A//2912351
:86:100 OVERSCHRIJVING VAN H EXALTO
:86:8984076931 7020634834474108 LH
:86:NL69ABNA0514812850
:86:03-10-2025 20:00 7020634834474108
:61:251006C36,20N100ABNANL2A//2912352
:86:100 OVERSCHRIJVING VAN CJ VAN DOORNEN CJ
:86:8984116094 7020115410325701 LH
:86:NL32ABNA0616978863
:86:03-10-2025 20:22 7020115410325701
:61:251006C1206,18N100ABNANL2A//2912353
:86:100 OVERSCHRIJVING VAN JANSSEN C CJ
:86:8987165804 7020715122529200 AG
:86:NL33ABNA0949682055
:86:05-10-2025 13:18 7020715122529200
:61:251006C1047,22N100ABNANL2A//2912354
:86:100 OVERSCHRIJVING VAN JORG CERFONTEIJN
:86:8988023405 7020396931498054 BT
:86:NL41ABNA0609593994
:86:05-10-2025 21:45 7020396931498054
:61:251006C525,68N100ABNANL2A//2912355
:86:100 OVERSCHRIJVING VAN AGL VERSCHAEVE CJ
:86:8986851872 7020774819468144 HA
:86:NL16ABNA0854572600
:86:05-10-2025 10:10 7020774819468144
:61:251006C477,20N100ABNANL2A//2912356
:86:100 OVERSCHRIJVING VAN YULIA PETROVA
:86:8987211868 7020794816588477 MD
:86:NL57ABNA0625850033
:86:05-10-2025 13:46 7020794816588477
:61:251006C612,24N100ABNANL2A//2912357
:86:100 OVERSCHRIJVING VAN H SLOMP
:86:8985528295 7020824231443061 EH
:86:NL68ABNA0536694516
:86:04-10-2025 14:55 7020824231443061
:61:251006C186,00N100ABNANL2A//2912358
:86:100 OVERSCHRIJVING VAN I LOUWERS SCHILDERS
:86:8985641100 7020066334531909 PZ
:86:NL11ABNA0142017965
:86:04-10-2025 15:46 7020066334531909
:61:251006C25,50N100ABNANL2A//2912359
:86:100 OVERSCHRIJVING VAN YQF HENDRIKS
:86:8984157640 7020254534446724 MD
:86:NL74ABNA0490899641
:86:03-10-2025 20:44 7020254534446724
:61:251006C802,14N100ABNANL2A//2912360
:86:100 OVERSCHRIJVING VAN S M SMELT
:86:8984796841 7020896610471603 KV
:86:NL91ABNA0549908412
:86:04-10-2025 09:20 7020896610471603
:61:251006C79,60N100ABNANL2A//2912361
:86:100 OVERSCHRIJVING VAN SK TEMMERMAN CJ
:86:8986901696 7020455419378195 HB
:86:NL95ABNA0422008893
:86:05-10-2025 10:39 7020455419378195
:61:251006C1050,00N100ABNANL2A//2912362
:86:100 OVERSCHRIJVING VAN AACM VAN BEEK
:86:8986918957 7020955125349884 TH
:86:NL51ABNA0455575274
:86:05-10-2025 10:47 7020955125349884
:61:251006C167,70N100ABNANL2A//2912363
:86:100 OVERSCHRIJVING VAN M OP DEN KELDER
:86:8987158466 7020324816439554 PZ
:86:NL03ABNA0465957951
:86:05-10-2025 13:13 7020324816439554
:61:251006C10,00N100ABNANL2A//2912364
:86:100 OVERSCHRIJVING VAN DANA ALI CJ
:86:8984216328 7020625422385893 KV
:86:NL39ABNA0813437881
:86:03-10-2025 21:25 7020625422385893
:61:251006C614,88N100ABNANL2A//2912365
:86:100 OVERSCHRIJVING VAN LAMPE C A J CJ
:86:8985588244 7020976316413307 ZV
:86:NL49ABNA0843312440
:86:04-10-2025 15:23 7020976316413307
:61:251006C1255,16N100ABNANL2A//2912366
:86:100 OVERSCHRIJVING VAN BOER A DE CJ
:86:8987039333 7020436631560013 MD
:86:NL28ABNA0809006731
:86:05-10-2025 12:00 7020436631560013
:61:251006C325,40N100ABNANL2A//2912367
:86:100 OVERSCHRIJVING VAN R ZURNE CJ
:86:8986071377 7020736631383304 KV
:86:NL30ABNA0813045096
:86:04-10-2025 19:19 7020736631383304
:61:251006C75,00N100ABNANL2A//2912368
:86:100 OVERSCHRIJVING VAN H VAN WEERING OOSTING
:86:8986854263 7020146628380001 HH
:86:NL95ABNA0541019260
:86:05-10-2025 10:10 7020146628380001
:61:251006C900,40N100ABNANL2A//2912369
:86:100 OVERSCHRIJVING VAN ANIEK BOLZ
:86:8986928463 7020416310319881 HH
:86:NL03ABNA0560196458
:86:05-10-2025 10:54 7020416310319881
:61:251006C501,84N100ABNANL2A//2912370
:86:100 OVERSCHRIJVING VAN S A TEUNISSEN
:86:8985870612 7020206031321801 MD
:86:NL93ABNA0535299206
:86:04-10-2025 17:33 7020206031321801
:61:251006C14,00N100ABNANL2A//2912371
:86:100 OVERSCHRIJVING VAN M OP DEN KELDER
:86:8987168930 7020575425320028 PZ
:86:NL03ABNA0465957951
:86:05-10-2025 13:20 7020575425320028
:61:251006C355,80N100ABNANL2A//2912372
:86:100 OVERSCHRIJVING VAN E VAN DER HOOFT
:86:8987173191 7020974831560820 HB
:86:NL61ABNA0621166898
:86:05-10-2025 13:22 7020974831560820
:61:251006C567,32N100ABNANL2A//2912373
:86:100 OVERSCHRIJVING VAN M A ZOMER
:86:8986058315 7020076328382467 VM
:86:NL94ABNA0558988237
:86:04-10-2025 19:12 7020076328382467
:61:251006C20,00N100ABNANL2A//2912374
:86:100 OVERSCHRIJVING VAN MJ KOUDIJS
:86:8985705911 7020914534561666 PZ
:86:NL46ABNA0599260009
:86:04-10-2025 16:15 7020914534561666
:61:251006C1010,64N100ABNANL2A//2912375
:86:100 OVERSCHRIJVING VAN W GAJADIEN
:86:8984042779 7020006922356271 HE
:86:NL91ABNA0597527652
:86:03-10-2025 19:42 7020006922356271
:61:251006C640,65N100ABNANL2A//2912376
:86:100 OVERSCHRIJVING VAN JP BEUVING
:86:8984088992 7020436322326994 HH
:86:NL02ABNA0572295286
:86:03-10-2025 20:06 7020436322326994
:61:251006C137,10N100ABNANL2A//2912377
:86:100 OVERSCHRIJVING VAN MITCHEL VOS CJ
:86:8984142712 7020614828535731 HH
:86:NL58ABNA0839630352
:86:03-10-2025 20:36 7020614828535731
:61:251006C294,08N100ABNANL2A//2912378
:86:100 OVERSCHRIJVING VAN V D TIMOFEEVA
:86:8987083744 7020625125589236 EH
:86:NL57ABNA0110225678
:86:05-10-2025 12:26 7020625125589236
:61:251006C1489,50N100ABNANL2A//2912379
:86:100 OVERSCHRIJVING VAN PCM SEVERS CJ
:86:8986077481 7020086631442494 MD
:86:NL46ABNA0551444053
:86:04-10-2025 19:22 7020086631442494
:61:251006C163,00N100ABNANL2A//2912380
:86:100 OVERSCHRIJVING VAN N HAMMER CJ
:86:8987125834 7020346316319098 VM
:86:NL28ABNA0425876519
:86:05-10-2025 12:51 7020346316319098
:61:251006C398,12N100ABNANL2A//2912381
:86:100 OVERSCHRIJVING VAN T VAN ZIJL CJ
:86:8987032742 7020635110378363 KV
:86:NL56ABNA0515058300
:86:05-10-2025 11:55 7020635110378363
:61:251006C785,24N100ABNANL2A//2912382
:86:100 OVERSCHRIJVING VAN P PLOMP CJ
:86:8987140921 7020186010500877 EH
:86:NL63ABNA0560632266
:86:05-10-2025 13:02 7020186010500877
:61:251006C250,00N100ABNANL2A//2912383
:86:100 OVERSCHRIJVING VAN J TEPPER
:86:8987134999 7020195716348861 HH
:86:NL24ABNA0494944471
:86:05-10-2025 12:58 7020195716348861
:61:251006C199,00N100ABNANL2A//2912384
:86:100 OVERSCHRIJVING VAN D H DEIGHTON
:86:8987274750 7020206610320385 HB
:86:NL42ABNA0606542841
:86:05-10-2025 14:29 7020206610320385
:61:251006C274,32N100ABNANL2A//2912385
:86:100 OVERSCHRIJVING VAN H J W DIELEMANS CJ
:86:8987266159 7020504234499686 SL
:86:NL24ABNA0103296301
:86:05-10-2025 14:18 7020504234499686
:61:251006C455,52N100ABNANL2A//2912386
:86:100 OVERSCHRIJVING VAN JM VAN HOUTUM CJ
:86:8987389379 7020856016530235 ZV
:86:NL72ABNA0473290103
:86:05-10-2025 15:36 7020856016530235
:61:251006C571,70N100ABNANL2A//2912387
:86:100 OVERSCHRIJVING VAN CEJ VIS VAN DER WINDT
:86:8987280060 7020744519559230 KV
:86:NL89ABNA0477505902
:86:05-10-2025 14:28 7020744519559230
:61:251006C367,68N100ABNANL2A//2912388
:86:100 OVERSCHRIJVING VAN BRAM VAN RIJSEWIJK
:86:8986195730 7020895113382599 EH
:86:NL63ABNA0612705552
:86:04-10-2025 20:39 7020895113382599
:61:251006C725,16N100ABNANL2A//2912389
:86:100 OVERSCHRIJVING VAN SHERIENA SARDHA
:86:8983547463 7020985710385851 EH
:86:NL08ABNA0628232071
:86:03-10-2025 16:08 7020985710385851
:61:251006C65,70N100ABNANL2A//2912390
:86:100 OVERSCHRIJVING VAN LGJ ELZINGA CJ
:86:8986102335 7020856616413781 PZ
:86:NL12ABNA0532941527
:86:04-10-2025 19:35 7020856616413781
:61:251006C178,20N100ABNANL2A//2912391
:86:100 OVERSCHRIJVING VAN JJ WUBBELS
:86:8987035288 7020414234410424 EH
:86:NL70ABNA0623327023
:86:05-10-2025 11:58 7020414234410424
:61:251006C241,95N100ABNANL2A//2912392
:86:100 OVERSCHRIJVING VAN LCT BROKERHOF
:86:8986223048 7020696334503772 HB
:86:NL45ABNA0840505914
:86:04-10-2025 20:59 7020696334503772
:61:251006C409,00N100ABNANL2A//2912393
:86:100 OVERSCHRIJVING VAN DUANE VILLANUEVA CJ
:86:8986311658 7020135425322941 MD
:86:NL92ABNA0431824959
:86:04-10-2025 22:11 7020135425322941
:61:251006C1090,80N100ABNANL2A//2912394
:86:100 OVERSCHRIJVING VAN NICK WESSELS CJ
:86:8987035420 7020115713408339 EP
:86:NL89ABNA0468169555
:86:05-10-2025 11:59 7020115713408339
:61:251006C500,00N100ABNANL2A//2912395
:86:100 OVERSCHRIJVING VAN MICHAEL VOS
:86:8983652281 7020454525596181 TH
:86:NL04ABNA0437852571
:86:03-10-2025 16:50 7020454525596181
:61:251006C612,24N100ABNANL2A//2912396
:86:100 OVERSCHRIJVING VAN MHA DE RAEDT
:86:8984252046 7020426313326064 EH
:86:NL50ABNA0616725272
:86:03-10-2025 21:51 7020426313326064
:61:251006C155,00N100ABNANL2A//2912397
:86:100 OVERSCHRIJVING VAN J WIJNANDS CJ
:86:8986146643 7020164522533853 ZV
:86:NL30ABNA0514195274
:86:04-10-2025 20:02 7020164522533853
:61:251006C888,02N100ABNANL2A//2912398
:86:100 OVERSCHRIJVING VAN P VAN BUREN CJ
:86:8987812517 7020886328469545 AG
:86:NL11ABNA0504485431
:86:05-10-2025 19:48 7020886328469545
:61:251006C58,00N100ABNANL2A//2912399
:86:100 OVERSCHRIJVING VAN ELKE THIJSSEN
:86:8987060805 7020415737348819 VN
:86:NL88ABNA0575680202
:86:05-10-2025 12:12 7020415737348819
:61:251006C197,60N100ABNANL2A//2912400
:86:100 OVERSCHRIJVING VAN LWA HEZEMANS CJ
:86:8985738282 7020566310561765 KV
:86:NL24ABNA0864347049
:86:04-10-2025 16:30 7020566310561765
:61:251006C1327,29N100ABNANL2A//2912401
:86:100 OVERSCHRIJVING VAN R F L HOFMAN
:86:8987781638 7020364519589866 AR
:86:NL73ABNA0404438806
:86:05-10-2025 19:31 7020364519589866
:61:251006C376,60N100ABNANL2A//2912402
:86:100 OVERSCHRIJVING VAN CGM DANIELS
:86:8987629260 7020104516589098 ZV
:86:NL57ABNA0615436307
:86:05-10-2025 18:04 7020104516589098
:61:251006C1115,30N100ABNANL2A//2912403
:86:100 OVERSCHRIJVING VAN VAN HEES A C W CJ
:86:8984270458 7020386634535641 HB
:86:NL66ABNA0806320796
:86:03-10-2025 22:03 7020386634535641
:61:251006C224,00N100ABNANL2A//2912404
:86:100 OVERSCHRIJVING VAN T BROKERHOF
:86:8986246092 7020016319471921 HB
:86:NL37ABNA0508501636
:86:04-10-2025 21:17 7020016319471921
:61:251006C339,20N100ABNANL2A//2912405
:86:100 OVERSCHRIJVING VAN C T VAN DEN BROEKE CJ
:86:8987605465 7020886310528483 LH
:86:NL95ABNA0473982269
:86:05-10-2025 17:55 7020886310528483
:61:251006C262,48N100ABNANL2A//2912406
:86:100 OVERSCHRIJVING VAN CJWM GELISSEN
:86:8985126701 7020704834442065 KM
:86:NL08ABNA0521836360
:86:04-10-2025 11:51 7020704834442065
:61:251006C50,00N100ABNANL2A//2912407
:86:100 OVERSCHRIJVING VAN REE Q G VAN DER
:86:8987482920 7020976013318600 KV
:86:NL48ABNA0815748744
:86:05-10-2025 16:37 7020976013318600
:61:251006C563,96N100ABNANL2A//2912408
:86:100 OVERSCHRIJVING VAN R DUBOIS
:86:8985132932 7020485122592740 CH
:86:NL87ABNA0424625806
:86:04-10-2025 11:55 7020485122592740
:61:251006C32,00N100ABNANL2A//2912409
:86:100 OVERSCHRIJVING VAN LC BOOT CJ
:86:8987868070 7020564822499734 LH
:86:NL23ABNA0861890736
:86:05-10-2025 20:19 7020564822499734
:61:251006C12,50N100ABNANL2A//2912410
:86:100 OVERSCHRIJVING VAN B BRANDS CJ
:86:8983832637 7020306925354969 AR
:86:NL08ABNA0623137437
:86:03-10-2025 18:04 7020306925354969
:61:251006C57,00N100INGBNL2A//2912428
:86:100 OVERSCHRIJVING VAN MW J C M KRUIDENBERG EN/OF HR P TEN WOLDE
:86:8987329339 7020235425499362 HB
:86:NL94INGB0749836555
:86:05-10-2025 15:00 7020235425499362
:61:251006C96,00N100ABNANL2A//2912411
:86:100 OVERSCHRIJVING VAN S VAN HONK
:86:8987846933 7020215737529626 EH
:86:NL74ABNA0593850203
:86:05-10-2025 20:08 7020215737529626
:61:251006C1613,15N100ABNANL2A//2912412
:86:100 OVERSCHRIJVING VAN SJR HOLDING BV
:86:8984368619 7020255422326808 HB
:86:NL48ABNA0135060362
:86:03-10-2025 23:22 7020255422326808
:61:251006C12,50N100ABNANL2A//2912413
:86:100 OVERSCHRIJVING VAN L HANSMA CJ
:86:8983650475 7020204516475188 HH
:86:NL73ABNA0482528850
:86:03-10-2025 16:48 7020204516475188
:61:251006C1088,30N100ABNANL2A//2912414
:86:100 OVERSCHRIJVING VAN D SJABBENS
:86:8987474350 7020036028318669 HH
:86:NL56ABNA0446859346
:86:05-10-2025 16:34 7020036028318669
:61:251006C103,95N100INGBNL2A//2912429
:86:100 OVERSCHRIJVING VAN JMA HAVERMANS-VAN DONGEN,HR OA HAVERMANS
:86:8987513957 7020925731589398 KV
:86:NL80INGB0754167275
:86:05-10-2025 16:58 7020925731589398
:61:251006C79,00N100ABNANL2A//2912415
:86:100 OVERSCHRIJVING VAN AMBER SCHOUTEN
:86:8987446467 7020454831439314 HB
:86:NL59ABNA0530303833
:86:05-10-2025 16:13 7020454831439314
:61:251006C571,32N100ABNANL2A//2912416
:86:100 OVERSCHRIJVING VAN BA DASSEN
:86:8987418647 7020525416558303 SL
:86:NL91ABNA0416853803
:86:05-10-2025 15:55 7020525416558303
:61:251006C32,50N100ABNANL2A//2912417
:86:100 OVERSCHRIJVING VAN L DE GROOT
:86:8987438251 7020345716559581 MD
:86:NL43ABNA0520265785
:86:05-10-2025 16:07 7020345716559581
:61:251006C1244,47N100ABNANL2A//2912418
:86:100 OVERSCHRIJVING VAN AJA BOSMAN CJ
:86:8987981215 7020515437500565 VM
:86:NL84ABNA0408686723
:86:05-10-2025 21:20 7020515437500565
:61:251006C347,60N100ABNANL2A//2912419
:86:100 OVERSCHRIJVING VAN A ARENDS
:86:8985606840 7020836316441879 HH
:86:NL44ABNA0531703231
:86:04-10-2025 15:33 7020836316441879
:61:251006C891,00N100ABNANL2A//2912420
:86:100 OVERSCHRIJVING VAN DJ VAN ROOIJEN CJ
:86:8985595031 7020344834503613 TH
:86:NL31ABNA0599067152
:86:04-10-2025 15:24 7020344834503613
:61:251006C362,80N100ASNBNL21//2912421
:86:100 OVERSCHRIJVING VAN L.L. HUIJBENS E/O J. VAN LEEUWEN
:86:8987721426 7020436337318018 MD
:86:NL35ASNB8830051764
:86:2025-10-05T18:56 7020436337318018
:61:251006C815,30N100INGBNL2A//2912422
:86:100 OVERSCHRIJVING VAN MW L VAN DE KOEVERING
:86:8983613034 7020534522476217 HH
:86:NL62INGB0008955593
:86:03-10-2025 16:34 7020534522476217
:61:251006C52,00N100SNSBNL2A//2912423
:86:100 OVERSCHRIJVING VAN M. PROCE-DE BRUIN
:86:8987142045 7020915725530634 EH
:86:NL42SNSB0875790674
:86:2025-10-05T13:01 7020915725530634
:61:251006C509,09N100INGBNL2A//2912424
:86:100 OVERSCHRIJVING VAN HR I WINNUBST, MW SSH KAPITEIN
:86:8986850854 7020864834350349 PZ
:86:NL30INGB0002334852
:86:05-10-2025 10:10 7020864834350349
:61:251006C250,00N100INGBNL2A//2912425
:86:100 OVERSCHRIJVING VAN HR H G G M LAMERS EN MW S G J M E LAMERS-B
:86:8985438458 7020736910411396 SL
:86:NL46INGB0005548077
:86:04-10-2025 14:14 7020736910411396
:61:251006C592,05N100INGBNL2A//2912426
:86:100 OVERSCHRIJVING VAN MW AH PIETER, HR N VAN DER WEG
:86:8984293513 7020466628474957 HB
:86:NL87INGB0702694002
:86:03-10-2025 22:19 7020466628474957
:61:251006C51,00N100INGBNL2A//2912427
:86:100 OVERSCHRIJVING VAN HR K REEMER,MW MD DE JONG
:86:8984204397 7020805416385860 MD
:86:NL02INGB0688253881
:86:03-10-2025 21:18 7020805416385860
:61:251006C200,00N100INGBNL2A//2912430
:86:100 OVERSCHRIJVING VAN HR RD VAN DEN BOUT
:86:8987187617 7020655122499338 HB
:86:NL95INGB0008694069
:86:05-10-2025 13:32 7020655122499338
:61:251006C470,00N100INGBNL2A//2912431
:86:100 OVERSCHRIJVING VAN MAARTEN HAAZEN
:86:8985040441 7020126013382065 BF
:86:NL49INGB0007695797
:86:04-10-2025 11:16 7020126013382065
:61:251006C631,95N100RBRBNL21//2912432
:86:100 OVERSCHRIJVING VAN J.M.A. RIEL
:86:8985066240 7020094816383679 KV
:86:NL77RBRB0900602228
:86:2025-10-04T11:25 7020094816383679
:61:251006C2548,40N100ABNANL2A//2912307
:86:100 OVERSCHRIJVING VAN RM COSTER CJ
:86:8986423142 7020286634323109 HA
:86:NL33ABNA0508416833
:86:05-10-2025 00:03 7020286634323109
:61:251006C28,50N100RABONL2U//2912433
:86:100 OVERSCHRIJVING VAN T.M.J. RASENBERG
:86:8988817127 7020366331317388 HH XUI-55138559
:86:NL97RABO0156002051
:86:06-10-2025 10:16 7020366331317388
:61:251006C2068,10N100INGBNL2A//2912447
:86:100 OVERSCHRIJVING VAN MW J E VOGELS
:86:8987495305 7020636916528597 HB
:86:NL12INGB0004121528
:86:05-10-2025 16:43 7020636916528597
:61:251006C937,24N100INGBNL2A//2912465
:86:100 OVERSCHRIJVING VAN HR S K LEE EN/OF MW H S E HARIS
:86:8988214643 7020194837439032 EH
:86:NL18INGB0675420202
:86:06-10-2025 00:22 7020194837439032
:61:251006C142,40N100INGBNL2A//2912464
:86:100 OVERSCHRIJVING VAN HR P RUBAIJ BOUMAN
:86:8983713891 7020134525385518 LH
:86:NL79INGB0003976180
:86:03-10-2025 17:15 7020134525385518
:61:251006C1072,20N100INGBNL2A//2912463
:86:100 OVERSCHRIJVING VAN HR TLM BEISSEL,MW AMH BEISSEL-DODEMONT
:86:8983878646 7020314831476604 ZV
:86:NL82INGB0003578232
:86:03-10-2025 18:24 7020314831476604
:61:251006C858,85N100INGBNL2A//2912462
:86:100 OVERSCHRIJVING VAN HR PJM KOENRAADT,MW S DE WIT
:86:8987204358 7020224525500760 HB
:86:NL28INGB0659579243
:86:05-10-2025 13:42 7020224525500760
:61:251006C1258,80N100INGBNL2A//2912461
:86:100 OVERSCHRIJVING VAN MW R RAAP-HERDERS EN/OF HR R F RAAP
:86:8987307590 7020545419469212 ZV
:86:NL89INGB0008602803
:86:05-10-2025 14:45 7020545419469212
:61:251006C3218,63N100INGBNL2A//2912460
:86:100 OVERSCHRIJVING VAN MW B BORGSTEIN
:86:8987843851 7020135428320022 PZ
:86:NL19INGB0008162422
:86:05-10-2025 20:05 7020135428320022
:61:251006C934,25N100INGBNL2A//2912459
:86:100 OVERSCHRIJVING VAN HR R F G KNAACK
:86:8986931500 7020605731439284 MD
:86:NL20INGB0686269810
:86:05-10-2025 10:58 7020605731439284
:61:251006C1502,32N100INGBNL2A//2912458
:86:100 OVERSCHRIJVING VAN HR R VAN BELT
:86:8987239820 7020345713440352 EH
:86:NL35INGB0008314327
:86:05-10-2025 14:06 7020345713440352
:61:251006C381,10N100INGBNL2A//2912457
:86:100 OVERSCHRIJVING VAN HR K VAN SCHENDEL
:86:8986269848 7020286337501897 KV
:86:NL22INGB0008703919
:86:04-10-2025 21:39 7020286337501897
:61:251006C57,00N100INGBNL2A//2912456
:86:100 OVERSCHRIJVING VAN DE HEER J J L JEHEE
:86:8987978390 7020006325409458 ZV
:86:NL96INGB0002130837
:86:05-10-2025 21:17 7020006325409458
:61:251006C1274,55N100FVLBNL22//2912455
:86:100 OVERSCHRIJVING VAN MEVROUW A.J.F. VAN HEIJST-MULLER
:86:8985831737 7020095719441702 EH
:86:NL10FVLB0260673951
:86:2025-10-04T15:16Z 7020095719441702
:61:251006C726,25N100RBRBNL21//2912454
:86:100 OVERSCHRIJVING VAN HELDER ZWEMBADEN B.V.
:86:8987921790 7020596634500346 ZV
:86:NL88RBRB8848992811
:86:2025-10-05T20:45 7020596634500346
:61:251006C589,00N100INGBNL2A//2912453
:86:100 OVERSCHRIJVING VAN MW L LAGERWEIJ
:86:8987962776 7020434537379506 TH
:86:NL14INGB0749921900
:86:05-10-2025 21:09 7020434537379506
:61:251006C1113,68N100INGBNL2A//2912452
:86:100 OVERSCHRIJVING VAN MW P M REIFFERS
:86:8987981555 7020864525470928 KV
:86:NL61INGB0007331443
:86:05-10-2025 21:19 7020864525470928
:61:251006C250,72N100INGBNL2A//2912451
:86:100 OVERSCHRIJVING VAN MW I WESTERBEKE, MW JM KOMEJAN
:86:8988033697 7020916622469806 KM
:86:NL23INGB0004825550
:86:05-10-2025 21:49 7020916622469806
:61:251006C75,00N100INGBNL2A//2912450
:86:100 OVERSCHRIJVING VAN HR MF KERPEL, MW C KERPEL-HOOGERWERF
:86:8987746572 7020434216470436 HB
:86:NL76INGB0004617598
:86:05-10-2025 19:12 7020434216470436
:61:251006C1209,30N100BUNQNL2A//2912449
:86:100 OVERSCHRIJVING VAN A.N. TRNCIC
:86:8983689354 7020374531385455 VN
:86:NL83BUNQ2144059314
:86:03-10-2025 17:05 7020374531385455
:61:251006C583,40N100INGBNL2A//2912448
:86:100 OVERSCHRIJVING VAN MW JFJW ZELDENTHUIS,HR JJNG VROUENRAETS
:86:8986002551 7020536928591186 ZV
:86:NL47INGB0005643798
:86:04-10-2025 18:41 7020536928591186
:61:251006C476,24N100INGBNL2A//2912446
:86:100 OVERSCHRIJVING VAN HR V DE LAAT
:86:8985359000 7020824819592341 SL
:86:NL22INGB0005452673
:86:04-10-2025 13:40 7020824819592341
:61:251006C1322,38N100INGBNL2A//2912445
:86:100 OVERSCHRIJVING VAN K BOULONOIS
:86:8986800076 7020174534408390 AG
:86:NL44INGB0007859235
:86:05-10-2025 09:32 7020174534408390
:61:251006C338,16N100INGBNL2A//2912444
:86:100 OVERSCHRIJVING VAN HR FWJ BOOTS, MW AJ BOOTS-LOOZEKOOT
:86:8986055963 7020324210503607 EH
:86:NL30INGB0004432574
:86:04-10-2025 19:11 7020324210503607
:61:251006C161,40N100INGBNL2A//2912443
:86:100 OVERSCHRIJVING VAN MW RP VAN HAAREN
:86:8985307526 7020515119442857 KV
:86:NL03INGB0754445402
:86:04-10-2025 13:14 7020515119442857
:61:251006C1358,53N100INGBNL2A//2912442
:86:100 OVERSCHRIJVING VAN HR DJC TEIWSEN
:86:8987602088 7020024531590700 AR
:86:NL12INGB0664070922
:86:05-10-2025 17:51 7020024531590700
:61:251006C264,00N100INGBNL2A//2912441
:86:100 OVERSCHRIJVING VAN MW T REIJNDERS-VERMEIJ
:86:8984087489 7020466037475500 BF
:86:NL24INGB0003999868
:86:03-10-2025 20:06 7020466037475500
:61:251006C523,71N541INGBNL2A//2912440
:86:541 CREDIT TRANSACTIE VAN HR JJ DE MOOR, CAM DE MOOR-SUIJKERBUIJK
:86:RESERVERINGSNUMMER: 4667747
:86:NL54INGB0002393202
:61:251006C644,24N100INGBNL2A//2912439
:86:100 OVERSCHRIJVING VAN F VAN ROESSEL
:86:8984090994 7020715710504729 EH
:86:NL67INGB0005499005
:86:03-10-2025 20:08 7020715710504729
:61:251006C99,60N100INGBNL2A//2912438
:86:100 OVERSCHRIJVING VAN MW J WEENING-DE HOOP,HR WA WEENING
:86:8987220755 7020054210318444 HH
:86:NL49INGB0653712790
:86:05-10-2025 13:52 7020054210318444
:61:251006C408,10N100INGBNL2A//2912437
:86:100 OVERSCHRIJVING VAN MW M PAULUSMA EN/OF HR J M DE BOER
:86:8986277269 7020554216533865 KV
:86:NL46INGB0003586834
:86:04-10-2025 21:43 7020554216533865
:61:251006C1028,00N100INGBNL2A//2912436
:86:100 OVERSCHRIJVING VAN HR A REINDERS,MW AG REINDERS-FINK
:86:8985516515 7020285122591102 TH
:86:NL30INGB0671786075
:86:04-10-2025 14:48 7020285122591102
:61:251006C30,00N100INGBNL2A//2912435
:86:100 OVERSCHRIJVING VAN MW S J KERKHOFF
:86:8985677588 7020586025591258 EH
:86:NL82INGB0655803904
:86:04-10-2025 16:01 7020586025591258
:61:251006C30,00N100INGBNL2A//2912434
:86:100 OVERSCHRIJVING VAN MW A WISMAN
:86:8986856951 7020534531558897 HB
:86:NL70INGB0003753242
:86:05-10-2025 10:12 7020534531558897
:61:251006C49,00N100INGBNL2A//2912567
:86:100 OVERSCHRIJVING VAN HR P H MANSVELD
:86:8987247248 7020335422349077 KV
:86:NL77INGB0002952187
:86:05-10-2025 14:09 7020335422349077
:61:251006C245,80N100INGBNL2A//2912466
:86:100 OVERSCHRIJVING VAN HR E KOSEOGLU,MW GG KOSEOGLU
:86:8985855304 7020574828472395 LH
:86:NL71INGB0102321035
:86:04-10-2025 17:25 7020574828472395
:61:251006C842,10N100INGBNL2A//2912467
:86:100 OVERSCHRIJVING VAN MW HW RASSER
:86:8987240408 7020494219529734 HH
:86:NL53INGB0008627119
:86:05-10-2025 14:05 7020494219529734
:61:251006C85,00N100INGBNL2A//2912468
:86:100 OVERSCHRIJVING VAN MW JNA VAN DONGEN,MW KAM VAN EIJK
:86:8987508292 7020826631440589 KV
:86:NL47INGB0008317603
:86:05-10-2025 16:53 7020826631440589
:61:251006C476,12N100ASNBNL21//2912469
:86:100 OVERSCHRIJVING VAN A.E. REINSTRA
:86:8987112044 7020174228500277 EH
:86:NL50ASNB0708165931
:86:2025-10-05T12:43 7020174228500277
:61:251006C322,10N100INGBNL2A//2912470
:86:100 OVERSCHRIJVING VAN MW Y VAN OERS
:86:8987129836 7020184531378129 KV
:86:NL48INGB0008203416
:86:05-10-2025 12:53 7020184531378129
:61:251006C303,00N100INGBNL2A//2912471
:86:100 OVERSCHRIJVING VAN HR D PHILIPPI
:86:8983845916 7020594522475176 HE
:86:NL72INGB0005837736
:86:03-10-2025 18:10 7020594522475176
:61:251006C274,50N100INGBNL2A//2912472
:86:100 OVERSCHRIJVING VAN MW J BREUKEL,HR D MASTIK
:86:8987139556 7020466613528288 EP
:86:NL33INGB0107786117
:86:05-10-2025 12:59 7020466613528288
:61:251006C1749,50N100INGBNL2A//2912473
:86:100 OVERSCHRIJVING VAN MW C VAN GOGH
:86:8984952991 7020515731321621 HB
:86:NL80INGB0008695697
:86:04-10-2025 10:35 7020515731321621
:61:251006C231,45N100INGBNL2A//2912474
:86:100 OVERSCHRIJVING VAN MW M S M VAN RIJSINGEN
:86:8987297698 7020794531409467 PZ
:86:NL97INGB0005776564
:86:05-10-2025 14:38 7020794531409467
:61:251006C50,00N100INGBNL2A//2912475
:86:100 OVERSCHRIJVING VAN HR RB STOUTEN,MW C VAN DER BORN
:86:8987211040 7020805431498741 KV
:86:NL60INGB0656077646
:86:05-10-2025 13:46 7020805431498741
:61:251006C333,12N100INGBNL2A//2912476
:86:100 OVERSCHRIJVING VAN MW E ETANCELIN
:86:8986882425 7020666913558771 EH
:86:NL89INGB0435171070
:86:05-10-2025 10:29 7020666913558771
:61:251006C279,70N100INGBNL2A//2912477
:86:100 OVERSCHRIJVING VAN MW I WENTZEL
:86:8987467790 7020354516318051 HH
:86:NL58INGB0007906222
:86:05-10-2025 16:28 7020354516318051
:61:251006C299,84N100INGBNL2A//2912478
:86:100 OVERSCHRIJVING VAN I E DE VISSER
:86:8986236615 7020694522381852 LH
:86:NL43INGB0008694423
:86:04-10-2025 21:10 7020694522381852
:61:251006C15,00N100INGBNL2A//2912479
:86:100 OVERSCHRIJVING VAN MW M IN 'T VELD-BAKS EN/OF HR T IN 'T VELD
:86:8985451344 7020914222473391 MD
:86:NL02INGB0004647545
:86:04-10-2025 14:18 7020914222473391
:61:251006C1220,60N100INGBNL2A//2912480
:86:100 OVERSCHRIJVING VAN HR SP VAN DE GRAAF, MW D VAN DE GRAAF-DIEM
:86:8986248500 7020126337412518 KV
:86:NL15INGB0000478833
:86:04-10-2025 21:21 7020126337412518
:61:251006C446,07N100INGBNL2A//2912481
:86:100 OVERSCHRIJVING VAN HR TL BUITENHUIS
:86:8985534623 7020316331412692 HE
:86:NL30INGB0687401232
:86:04-10-2025 14:57 7020316331412692
:61:251006C550,86N100INGBNL2A//2912482
:86:100 OVERSCHRIJVING VAN M L F M BRANDS
:86:8985302262 7020104231383634 VM
:86:NL34INGB0008059138
:86:04-10-2025 13:11 7020104231383634
:61:251006C436,00N100INGBNL2A//2912483
:86:100 OVERSCHRIJVING VAN SEHT AKKERMAN-SCHELLEKENS
:86:8987727260 7020835722380415 HB
:86:NL17INGB0755813529
:86:05-10-2025 19:02 7020835722380415
:61:251006C496,40N100INGBNL2A//2912484
:86:100 OVERSCHRIJVING VAN HR J CALSBEEK, MW MJE CALSBEEK-HOLWERDA
:86:8985781793 7020886034563658 TH
:86:NL36INGB0749886099
:86:04-10-2025 16:51 7020886034563658
:61:251006C873,36N100INGBNL2A//2912485
:86:100 OVERSCHRIJVING VAN HR R SCHUTTERT
:86:8987935456 7020056319528366 SR
:86:NL68INGB0001726560
:86:05-10-2025 20:53 7020056319528366
:61:251006C2218,40N100INGBNL2A//2912486
:86:100 OVERSCHRIJVING VAN MW H A BAKKER
:86:8987579282 7020626631349743 ZV
:86:NL22INGB0654692297
:86:05-10-2025 17:40 7020626631349743
:61:251006C266,34N100INGBNL2A//2912487
:86:100 OVERSCHRIJVING VAN HR RJ HOOGSTRATEN
:86:8987934839 7020884519558300 PZ
:86:NL37INGB0008533220
:86:05-10-2025 20:53 7020884519558300
:61:251006C744,00N100INGBNL2A//2912488
:86:100 OVERSCHRIJVING VAN HR EJPA VAN NIJNATTEN, MW H GOMMERS
:86:8987922437 7020445422529215 TH
:86:NL03INGB0667591311
:86:05-10-2025 20:46 7020445422529215
:61:251006C2610,70N541INGBNL2A//2912489
:86:541 CREDIT TRANSACTIE VAN HR BJ VAN HAASTERE,MW M VAN HAASTERE-JA
:86:BOEKINGNR 975904
:86:NL32INGB0391365053
:61:251006C550,00N100INGBNL2A//2912490
:86:100 OVERSCHRIJVING VAN MW Z VANSTIPELEN
:86:8985083570 7020036331351381 MD
:86:NL31INGB0758341776
:86:04-10-2025 11:33 7020036331351381
:61:251006C541,10N100INGBNL2A//2912491
:86:100 OVERSCHRIJVING VAN HR LA LESAGE,MW V VLUGT
:86:8986404514 7020406322441294 LH
:86:NL77INGB0631409076
:86:04-10-2025 23:44 7020406322441294
:61:251006C1293,60N100INGBNL2A//2912492
:86:100 OVERSCHRIJVING VAN MW H DE BRUIJN,HR JJ VOS
:86:8987211882 7020575113559221 KV
:86:NL93INGB0672192632
:86:05-10-2025 13:46 7020575113559221
:61:251006C98,50N100SNSBNL2A//2912493
:86:100 OVERSCHRIJVING VAN J. DE GROOT E/O F. BARENDREGT
:86:8987094682 7020854822439830 HB
:86:NL30SNSB0978385365
:86:2025-10-05T12:33 7020854822439830
:61:251006C590,80N100INGBNL2A//2912494
:86:100 OVERSCHRIJVING VAN HR MI GROENENDIJK
:86:8984943896 7020575728323757 HB
:86:NL96INGB0000641014
:86:04-10-2025 10:33 7020575728323757
:61:251006C25,50N100INGBNL2A//2912495
:86:100 OVERSCHRIJVING VAN HR R DIESBERGEN, MW CMFA DIESBERGEN-JOOSTE
:86:8986780410 7020674819469296 EP
:86:NL87INGB0005378947
:86:05-10-2025 09:16 7020674819469296
:61:251006C935,35N100INGBNL2A//2912496
:86:100 OVERSCHRIJVING VAN MW M VERMEULEN
:86:8986162641 7020575128441408 KV
:86:NL10INGB0008637205
:86:04-10-2025 20:17 7020575128441408
:61:251006C410,18N100INGBNL2A//2912497
:86:100 OVERSCHRIJVING VAN HR F DE VRIES EN MW E A DE VRIES-KROEZEN
:86:8983732780 7020345134596727 SL
:86:NL21INGB0004356300
:86:03-10-2025 17:23 7020345134596727
:61:251006C1109,85N100INGBNL2A//2912498
:86:100 OVERSCHRIJVING VAN HR M VAN VONDELEN, MW S PAAUWE
:86:8985379778 7020026610472278 SR
:86:NL31INGB0670057614
:86:04-10-2025 13:50 7020026610472278
:61:251006C1189,15N100INGBNL2A//2912499
:86:100 OVERSCHRIJVING VAN HR WHM VAN DER HULST,HJCM VAN DER HULST-JA
:86:8987269371 7020584231530319 HB
:86:NL04INGB0005935475
:86:05-10-2025 14:21 7020584231530319
:61:251006C1388,32N100INGBNL2A//2912500
:86:100 OVERSCHRIJVING VAN HR S MULDER, MW MK BULT
:86:8987087837 7020656034498714 PZ
:86:NL94INGB0650681312
:86:05-10-2025 12:28 7020656034498714
:61:251006C1189,65N100INGBNL2A//2912501
:86:100 OVERSCHRIJVING VAN MW B SLEURINK
:86:8987428268 7020924225558648 HH
:86:NL08INGB0666266395
:86:05-10-2025 16:05 7020924225558648
:61:251006C213,90N100INGBNL2A//2912502
:86:100 OVERSCHRIJVING VAN MW PM BUSSE
:86:8985931150 7020005731443553 ZV
:86:NL47INGB0101095775
:86:04-10-2025 18:04 7020005731443553
:61:251006C818,00N100INGBNL2A//2912503
:86:100 OVERSCHRIJVING VAN HR P WAGENMAKERS-DE BRUIN,ABD WAGENMAKERS-
:86:8987812432 7020005125409245 TH
:86:NL84INGB0436126028
:86:05-10-2025 19:47 7020005125409245
:61:251006C906,24N100INGBNL2A//2912504
:86:100 OVERSCHRIJVING VAN HR E VAN HUIS
:86:8987612764 7020376634319038 EH
:86:NL78INGB0006814418
:86:05-10-2025 17:56 7020376634319038
:61:251006C193,70N100INGBNL2A//2912505
:86:100 OVERSCHRIJVING VAN MW IWHH BIERHOFF,HR RMH KROONEN
:86:8984998115 7020335113382173 BT
:86:NL42INGB0668525398
:86:04-10-2025 10:55 7020335113382173
:61:251006C338,05N100INGBNL2A//2912506
:86:100 OVERSCHRIJVING VAN HR R VAN HATTUM
:86:8984873044 7020255413443325 HH
:86:NL97INGB0008656785
:86:04-10-2025 09:59 7020255413443325
:61:251006C668,24N100INGBNL2A//2912507
:86:100 OVERSCHRIJVING VAN HR N VAN KUIK, MW S VAN KUIK-MOLLEMAN
:86:8984200269 7020734537564216 VN
:86:NL88INGB0703048228
:86:03-10-2025 21:14 7020734537564216
:61:251006C930,50N100SNSBNL2A//2912508
:86:100 OVERSCHRIJVING VAN G. VAN DAM
:86:8987882886 7020615422500649 MD
:86:NL72SNSB0912023708
:86:2025-10-05T20:24 7020615422500649
:61:251006C493,12N100INGBNL2A//2912509
:86:100 OVERSCHRIJVING VAN HR TW DE BOER
:86:8986828174 7020054816469338 EH
:86:NL63INGB0008491527
:86:05-10-2025 09:53 7020054816469338
:61:251006C1507,17N100INGBNL2A//2912510
:86:100 OVERSCHRIJVING VAN MW H L VAN GOOR - DUIJST E/O HR G R P VAN 
:86:8986263938 7020215410533736 TH
:86:NL21INGB0006090272
:86:04-10-2025 21:31 7020215410533736
:61:251006C400,70N100INGBNL2A//2912511
:86:100 OVERSCHRIJVING VAN HR B DE GEIJTER EN/OF MW J DE GEIJTER-MEIJ
:86:8985038854 7020596637563748 HH
:86:NL88INGB0003542913
:86:04-10-2025 11:13 7020596637563748
:61:251006C826,24N100ABNANL2A//2912512
:86:100 OVERSCHRIJVING VAN MC HAMANN
:86:8984838190 7020454831501216 EH
:86:NL56ABNA0539801933
:86:04-10-2025 09:44 7020454831501216
:61:251006C59,00N100ASNBNL21//2912513
:86:100 OVERSCHRIJVING VAN F. VAN SCHAGEN E/O B.J.P. THIJS
:86:8988072205 7020314531349023 VM
:86:NL07ASNB0709001681
:86:2025-10-05T22:12 7020314531349023
:61:251006C20,00N100SNSBNL2A//2912514
:86:100 OVERSCHRIJVING VAN M.M. FRAIKIN E/O A.R. AL SHAHIN
:86:8988068672 7020065710560697 EP
:86:NL64SNSB0773124217
:86:2025-10-05T22:12 7020065710560697
:61:251006C362,60N100SNSBNL2A//2912515
:86:100 OVERSCHRIJVING VAN A.S.M. NELOM
:86:8985377374 7020705137411999 HB
:86:NL60SNSB0941713490
:86:2025-10-04T13:47 7020705137411999
:61:251006C264,40N100INGBNL2A//2912516
:86:100 OVERSCHRIJVING VAN MW ADF HEYS
:86:8986170229 7020855116562188 MD
:86:NL31INGB0687492297
:86:04-10-2025 20:19 7020855116562188
:61:251006C473,24N100RBRBNL21//2912517
:86:100 OVERSCHRIJVING VAN R.J. TEN HOOPE
:86:8985753551 7020084519472971 PZ
:86:NL19RBRB0939670798
:86:2025-10-04T16:36 7020084519472971
:61:251006C59,00N100RBRBNL21//2912518
:86:100 OVERSCHRIJVING VAN J.C. VAN DER HULST E/O N.W. VAN DER HULST
:86:8986824406 7020886022350319 EH
:86:NL30RBRB8836182968
:86:2025-10-05T09:49 7020886022350319
:61:251006C1461,36N100INGBNL2A//2912519
:86:100 OVERSCHRIJVING VAN HR PDC JANSEN,MW E VERHOEFF
:86:8988616144 7020236025377091 HE
:86:NL81INGB0757809219
:86:06-10-2025 08:54 7020236025377091
:61:251006C268,23N100SNSBNL2A//2912520
:86:100 OVERSCHRIJVING VAN W. KNIEST E/O J. DE KNIEST-BRUIN
:86:8985704362 7020986019591339 EH
:86:NL90SNSB0962379867
:86:2025-10-04T16:15 7020986019591339
:61:251006C607,90N100SNSBNL2A//2912521
:86:100 OVERSCHRIJVING VAN K. VAN BOGAERT
:86:8984290609 7020176019596757 HB
:86:NL75SNSB0967149142
:86:2025-10-03T22:19 7020176019596757
:61:251006C4555,26N100INGBNL2A//2912522
:86:100 OVERSCHRIJVING VAN HR J H M PRINSEN EN/OF MW I P C VERHAGEN
:86:8983667340 7020694516504915 VN
:86:NL71INGB0656725311
:86:03-10-2025 16:55 7020694516504915
:61:251006C641,90N100INGBNL2A//2912523
:86:100 OVERSCHRIJVING VAN HR D VISSER
:86:8984018706 7020714510355344 LH
:86:NL43INGB0108057828
:86:03-10-2025 19:29 7020714510355344
:61:251006C605,80N100SNSBNL2A//2912524
:86:100 OVERSCHRIJVING VAN E.C. VERHOEVEN E/O C.D.E. VAN EEDEN
:86:8985476039 7020236028533064 MD
:86:NL19SNSB8845208850
:86:2025-10-04T14:30 7020236028533064
:61:251006C422,48N100RBRBNL21//2912525
:86:100 OVERSCHRIJVING VAN H. DE WIT E/O S. DE WIT-WIJNHOVEN
:86:8984735896 7020515113353733 PZ
:86:NL78RBRB0706642368
:86:2025-10-04T08:46 7020515113353733
:61:251006C834,06N100INGBNL2A//2912526
:86:100 OVERSCHRIJVING VAN L VAN NOORDENNE-VAN DE VEER
:86:8985568191 7020076037323367 SL
:86:NL68INGB0006686946
:86:04-10-2025 15:11 7020076037323367
:61:251006C311,08N100KNABNL2H//2912527
:86:100 OVERSCHRIJVING VAN MICHAEL SLOTBOOM
:86:8983612768 7020124516445752 EH
:86:NL08KNAB0258025387
:86:2025-10-03T02:32 7020124516445752
:61:251006C1232,00N100KNABNL2H//2912528
:86:100 OVERSCHRIJVING VAN SMITS RVS
:86:8983850766 7020094228505755 TH
:86:NL96KNAB0258609974
:86:2025-10-03T04:12 7020094228505755
:61:251006C1979,00N100RBRBNL21//2912529
:86:100 OVERSCHRIJVING VAN L.M. RIEDIJK E/O M.A. NIEUWENHUIZE
:86:8987051601 7020584834500376 TH
:86:NL18RBRB0943310547
:86:2025-10-05T12:11 7020584834500376
:61:251006C1350,97N100INGBNL2A//2912530
:86:100 OVERSCHRIJVING VAN HR BCH WERELDS
:86:8987417200 7020245713590526 VM
:86:NL45INGB0006344077
:86:05-10-2025 15:55 7020245713590526
:61:251006C515,10N100INGBNL2A//2912531
:86:100 OVERSCHRIJVING VAN MW JI BORINGA, HR AM VELTMAN
:86:8987516352 7020585128378777 MD
:86:NL39INGB0666571775
:86:05-10-2025 16:58 7020585128378777
:61:251006C678,10N100INGBNL2A//2912532
:86:100 OVERSCHRIJVING VAN HR J HORSTMAN
:86:8985804799 7020385425353079 SR
:86:NL67INGB0005880991
:86:04-10-2025 17:01 7020385425353079
:61:251006C2330,36N100INGBNL2A//2912533
:86:100 OVERSCHRIJVING VAN MW FM VAN DONGEN
:86:8987740553 7020536622588303 AR
:86:NL46INGB0006399931
:86:05-10-2025 19:10 7020536622588303
:61:251006C463,20N100INGBNL2A//2912534
:86:100 OVERSCHRIJVING VAN MW BM DIENJES,HR RCGL DIEPENDAAL
:86:8983569951 7020944819474099 HB
:86:NL53INGB0634927019
:86:03-10-2025 16:16 7020944819474099
:61:251006C422,40N100INGBNL2A//2912535
:86:100 OVERSCHRIJVING VAN MW N VAN DEN BOS, HR J VAN RENSWOUDE
:86:8985815061 7020566031503133 EH
:86:NL24INGB0703417010
:86:04-10-2025 17:05 7020566031503133
:61:251006C492,10N100INGBNL2A//2912536
:86:100 OVERSCHRIJVING VAN HR AJ POL
:86:8986090956 7020795131411315 KV
:86:NL96INGB0718091426
:86:04-10-2025 19:29 7020795131411315
:61:251006C138,25N100INGBNL2A//2912537
:86:100 OVERSCHRIJVING VAN DE HEER P VAN DIJK EN MW J L VAN DIJK-FRAN
:86:8986995331 7020606328438903 ZV
:86:NL82INGB0003458534
:86:05-10-2025 11:33 7020606328438903
:61:251006C1168,88N100INGBNL2A//2912538
:86:100 OVERSCHRIJVING VAN HR T VAN TOLEDO
:86:8984854631 7020696613412554 KM
:86:NL73INGB0005131655
:86:04-10-2025 09:53 7020696613412554
:61:251006C52,00N100INGBNL2A//2912539
:86:100 OVERSCHRIJVING VAN MW BJ STORM-AMAYA
:86:8987488414 7020484216589668 EH
:86:NL20INGB0006118711
:86:05-10-2025 16:43 7020484216589668
:61:251006C28,00N100INGBNL2A//2912540
:86:100 OVERSCHRIJVING VAN MW E A LINDEMAN
:86:8987864823 7020105410410517 EH
:86:NL82INGB0000382373
:86:05-10-2025 20:19 7020105410410517
:61:251006C1369,32N100INGBNL2A//2912541
:86:100 OVERSCHRIJVING VAN EUROPE EVENT SECURITY BV
:86:8983504624 7020734816506889 EH
:86:NL22INGB0006548967
:86:03-10-2025 15:51 7020734816506889
:61:251006C128,75N100INGBNL2A//2912542
:86:100 OVERSCHRIJVING VAN K BEUSEKAMP
:86:8986956267 7020866016588312 VM
:86:NL86INGB0009206585
:86:05-10-2025 11:10 7020866016588312
:61:251006C14,00N100INGBNL2A//2912543
:86:100 OVERSCHRIJVING VAN MW M DE WIT
:86:8983699736 7020854516564126 HH
:86:NL14INGB0006721480
:86:03-10-2025 17:09 7020854516564126
:61:251006C583,65N100INGBNL2A//2912544
:86:100 OVERSCHRIJVING VAN MW RA JANSSEN
:86:8984703150 7020735725381318 KV
:86:NL81INGB0679207015
:86:04-10-2025 08:17 7020735725381318
:61:251006C64,50N100INGBNL2A//2912545
:86:100 OVERSCHRIJVING VAN HR M SCHERMER
:86:8986098687 7020195128471510 VM
:86:NL71INGB0007099045
:86:04-10-2025 19:33 7020195128471510
:61:251006C250,00N100INGBNL2A//2912546
:86:100 OVERSCHRIJVING VAN MW AJ VAN DER LINDEN,HR J WEIJERS
:86:8985174736 7020656337443418 KV
:86:NL11INGB0009446070
:86:04-10-2025 12:14 7020656337443418
:61:251006C1236,67N100INGBNL2A//2912547
:86:100 OVERSCHRIJVING VAN HR S VAN DER MIJE
:86:8986859211 7020956919379125 VM
:86:NL40INGB0749155035
:86:05-10-2025 10:14 7020956919379125
:61:251006C65,00N100INGBNL2A//2912548
:86:100 OVERSCHRIJVING VAN MW R RAAP-HERDERS EN/OF HR R F RAAP
:86:8987340738 7020775722348726 ZV
:86:NL89INGB0008602803
:86:05-10-2025 15:06 7020775722348726
:61:251006C2662,95N100INGBNL2A//2912549
:86:100 OVERSCHRIJVING VAN HR P VAN HUNEN, MW WC VAN HUNEN-WESTERVELD
:86:8987664437 7020584525589860 HB
:86:NL20INGB0002788604
:86:05-10-2025 18:24 7020584525589860
:61:251006C303,30N100INGBNL2A//2912550
:86:100 OVERSCHRIJVING VAN HR M VAN DEN ENK
:86:8986793818 7020156019560331 MD
:86:NL20INGB0658827928
:86:05-10-2025 09:27 7020156019560331
:61:251006C1989,48N100INGBNL2A//2912551
:86:100 OVERSCHRIJVING VAN HR Y SHARVIT PAZ,MW D SHARVIT PAZ
:86:8984080318 7020054819354090 EH
:86:NL76INGB0114953740
:86:03-10-2025 20:02 7020054819354090
:61:251006C65,00N100INGBNL2A//2912552
:86:100 OVERSCHRIJVING VAN MW JA SCHRAVER,HR P OBERSTADT
:86:8985117663 7020385125352698 PZ
:86:NL48INGB0674161475
:86:04-10-2025 11:47 7020385125352698
:61:251006C614,68N100INGBNL2A//2912553
:86:100 OVERSCHRIJVING VAN MW CW BRUIJNEN, HR D VAN SPANJEN
:86:8987982970 7020514219379497 HH
:86:NL95INGB0703826042
:86:05-10-2025 21:21 7020514219379497
:61:251006C808,20N100INGBNL2A//2912554
:86:100 OVERSCHRIJVING VAN HR T DROSTE EN/OF MW M EENKHOORN
:86:8985253781 7020145131353328 SR
:86:NL37INGB0670238120
:86:04-10-2025 12:48 7020145131353328
:61:251006C1378,20N100INGBNL2A//2912555
:86:100 OVERSCHRIJVING VAN HR TL HOFSTEDE, MW M VAN TRIGT
:86:8987814662 7020116028408024 LH
:86:NL71INGB0009695347
:86:05-10-2025 19:49 7020116028408024
:61:251006C1438,60N100INGBNL2A//2912556
:86:100 OVERSCHRIJVING VAN HR M J BREUMELHOF EN/OF MW L DE BRUIN
:86:8988084553 7020835431498972 VN
:86:NL15INGB0009090493
:86:05-10-2025 22:24 7020835431498972
:61:251006C409,49N100INGBNL2A//2912557
:86:100 OVERSCHRIJVING VAN MW A MARISSEN,HR TL LEMANS
:86:8988094470 7020256019408354 VM
:86:NL32INGB0704279681
:86:05-10-2025 22:28 7020256019408354
:61:251006C1264,64N100INGBNL2A//2912558
:86:100 OVERSCHRIJVING VAN HR C GEENE EN/OF MW M I GEENE-SCHOUTEN
:86:8987783834 7020716316350793 BS
:86:NL28INGB0004461904
:86:05-10-2025 19:32 7020716316350793
:61:251006C1444,00N100INGBNL2A//2912559
:86:100 OVERSCHRIJVING VAN HR AA STRELKOV
:86:8988134535 7020135122320652 TH
:86:NL11INGB0754225941
:86:05-10-2025 22:59 7020135122320652
:61:251006C659,42N100INGBNL2A//2912560
:86:100 OVERSCHRIJVING VAN HR J P G M VD HEIJDEN EN MW H M VD HEIJDEN
:86:8988034859 7020534534438666 KV
:86:NL42INGB0003975488
:86:05-10-2025 21:50 7020534534438666
:61:251006C426,80N100INGBNL2A//2912561
:86:100 OVERSCHRIJVING VAN HR R VAN DER VELDE EN/OF MW T RADEMAKER
:86:8985393208 7020045716441534 HB
:86:NL31INGB0758278241
:86:04-10-2025 13:54 7020045716441534
:61:251006C1032,90N100INGBNL2A//2912562
:86:100 OVERSCHRIJVING VAN HR RN HES, MW H HES
:86:8983908671 7020216322446055 MD
:86:NL34INGB0753783886
:86:03-10-2025 18:37 7020216322446055
:61:251006C339,20N100INGBNL2A//2912563
:86:100 OVERSCHRIJVING VAN MW R HOOGENDOORN
:86:8985042815 7020955710473730 HH
:86:NL82INGB0008468778
:86:04-10-2025 11:14 7020955710473730
:61:251006C746,05N100INGBNL2A//2912564
:86:100 OVERSCHRIJVING VAN HR WT VAN DER LANDEN,MW L VAN LIESHOUT
:86:8987632208 7020764528320175 SL
:86:NL32INGB0703617559
:86:05-10-2025 18:05 7020764528320175
:61:251006C201,00N100INGBNL2A//2912565
:86:100 OVERSCHRIJVING VAN MW AAM VAN VROONHOVEN
:86:8983841102 7020636931415188 HB
:86:NL49INGB0005026745
:86:03-10-2025 18:07 7020636931415188
:61:251006C992,24N100INGBNL2A//2912566
:86:100 OVERSCHRIJVING VAN VERHAGEN VERKERK CONSULTANCY
:86:8986890517 7020095410409680 EH
:86:NL76INGB0008550948
:86:05-10-2025 10:31 7020095410409680
:61:251006C363,80N100RABONL2U//2912568
:86:100 OVERSCHRIJVING VAN L.A. NOPPEN
:86:8988834567 7020334825525816 EP XUI-99614007
:86:NL75RABO0137531125
:86:06-10-2025 10:19 7020334825525816
:61:251006C648,20N100INGBNL2A//2912569
:86:100 OVERSCHRIJVING VAN HR GAA KUIJPERS
:86:8987468305 7020855431319062 HH
:86:NL66INGB0007042972
:86:05-10-2025 16:28 7020855431319062
:61:251006C140,00N100INGBNL2A//2912570
:86:100 OVERSCHRIJVING VAN HR S JANSEN,FE HEERKENS
:86:8986312817 7020616925412182 VM
:86:NL79INGB0398550743
:86:04-10-2025 22:13 7020616925412182
:61:251006C1396,40N100SNSBNL2A//2912571
:86:100 OVERSCHRIJVING VAN H. BRONTSEMA
:86:8983246843 7020184834535185 ZV
:86:NL63SNSB0898883474
:86:2025-10-03T14:07 7020184834535185
:61:251006C366,66N100INGBNL2A//2912572
:86:100 OVERSCHRIJVING VAN MW MLMJ VAN DE VIN-LEMLIJN
:86:8984111611 7020515113506199 VM
:86:NL17INGB0703751689
:86:03-10-2025 20:21 7020515113506199
:61:251006C41,00N100INGBNL2A//2912573
:86:100 OVERSCHRIJVING VAN HR RA VITTERS,MW MF VITTERS-VAN BEMMEL
:86:8984113854 7020454825475611 HB
:86:NL72INGB0006679696
:86:03-10-2025 20:22 7020454825475611
:61:251006C470,55N100INGBNL2A//2912574
:86:100 OVERSCHRIJVING VAN MW P WOERTS
:86:8984378588 7020656325356952 SR
:86:NL76INGB0673741834
:86:03-10-2025 23:31 7020656325356952
:61:251006C32,00N100INGBNL2A//2912575
:86:100 OVERSCHRIJVING VAN MW C BRAAM
:86:8987301224 7020676619469011 EH
:86:NL29INGB0005356129
:86:05-10-2025 14:42 7020676619469011
:61:251006C74,00N100INGBNL2A//2912576
:86:100 OVERSCHRIJVING VAN HR GJ JUFFER,MW LG HAGEBEUK
:86:8984374333 7020495110566616 ZV
:86:NL43INGB0009010061
:86:03-10-2025 23:28 7020495110566616
:61:251006C59,00N100INGBNL2A//2912577
:86:100 OVERSCHRIJVING VAN GE DEN HEIJER
:86:8986928493 7020745422529878 VM
:86:NL46INGB0003185739
:86:05-10-2025 10:54 7020745422529878
:61:251006C1254,70N100INGBNL2A//2912578
:86:100 OVERSCHRIJVING VAN HR F LANDMAN, MW A DE VRIES
:86:8987884906 7020686313500553 SL
:86:NL92INGB0663148952
:86:05-10-2025 20:26 7020686313500553
:61:251006C1345,09N100INGBNL2A//2912579
:86:100 OVERSCHRIJVING VAN MW A PILLE
:86:8987930871 7020296031498888 SL
:86:NL56INGB0002624414
:86:05-10-2025 20:51 7020296031498888
:61:251006C65,50N100INGBNL2A//2912580
:86:100 OVERSCHRIJVING VAN HR R L J SWART
:86:8987861567 7020575410530544 EP
:86:NL54INGB0009661703
:86:05-10-2025 20:16 7020575410530544
:61:251006C295,80N100INGBNL2A//2912581
:86:100 OVERSCHRIJVING VAN MW LMN HAAKSEMA,HR W BOVEN
:86:8986748579 7020705410470259 HH
:86:NL02INGB0113933274
:86:05-10-2025 08:48 7020705410470259
:61:251006C1045,15N100INGBNL2A//2912582
:86:100 OVERSCHRIJVING VAN MW SS TRAUSEL,HR T TER HORST
:86:8986149139 7020855137383994 HB
:86:NL52INGB0757973574
:86:04-10-2025 20:06 7020855137383994
:61:251006C316,70N100INGBNL2A//2912583
:86:100 OVERSCHRIJVING VAN HR M G A DUIJKERS EN MW M J G DUIJKERS-LOC
:86:8985428632 7020974825351768 HB
:86:NL98INGB0003594143
:86:04-10-2025 14:09 7020974825351768
:61:251006C504,10N100INGBNL2A//2912584
:86:100 OVERSCHRIJVING VAN MW EH CORREA ITO
:86:8985118388 7020646613443259 KV
:86:NL30INGB0664033059
:86:04-10-2025 11:49 7020646613443259
:61:251006C345,56N100INGBNL2A//2912585
:86:100 OVERSCHRIJVING VAN HR FJJ DOOL
:86:8987211787 7020806934588117 EH
:86:NL25INGB0003240728
:86:05-10-2025 13:45 7020806934588117
:61:251006C429,00N100INGBNL2A//2912586
:86:100 OVERSCHRIJVING VAN HR J W NIJHUIS E/O MW C KURVINK
:86:8986781445 7020445119380208 HH
:86:NL83INGB0006345042
:86:05-10-2025 09:17 7020445119380208
:61:251006C1620,55N100INGBNL2A//2912587
:86:100 OVERSCHRIJVING VAN HR FJ BOSCH,MW YMG LEIJENDEKKER
:86:8986751619 7020924525558060 SR
:86:NL20INGB0000780607
:86:05-10-2025 08:53 7020924525558060
:61:251006C646,90N100INGBNL2A//2912588
:86:100 OVERSCHRIJVING VAN BAARS IN BEELD
:86:8983879448 7020315413595434 HB
:86:NL39INGB0006793683
:86:03-10-2025 18:26 7020315413595434
:61:251006C451,90N100INGBNL2A//2912589
:86:100 OVERSCHRIJVING VAN MW ACAW AUGUSTIJN,HR LMC VAN HENNE
:86:8987127320 7020256916349563 HB
:86:NL46INGB0395881412
:86:05-10-2025 12:55 7020256916349563
:61:251006C59,00N100INGBNL2A//2912590
:86:100 OVERSCHRIJVING VAN MW LR VAN DER HEIDE,HR C BOUW
:86:8987510758 7020574216469350 HH
:86:NL04INGB0656352000
:86:05-10-2025 16:54 7020574216469350
:61:251006C441,40N100INGBNL2A//2912591
:86:100 OVERSCHRIJVING VAN W E DE RIJK-VAN DRIEL
:86:8984950005 7020314231471009 MD
:86:NL57INGB0005927634
:86:04-10-2025 10:37 7020314231471009
:61:251006C692,60N100INGBNL2A//2912592
:86:100 OVERSCHRIJVING VAN HR E DE LAAT
:86:8985764637 7020146934591954 HH
:86:NL60INGB0008818665
:86:04-10-2025 16:44 7020146934591954
:61:251006C338,40N100INGBNL2A//2912593
:86:100 OVERSCHRIJVING VAN MW D TUIJT, HR MJ DORST
:86:8985101599 7020735416593814 EP
:86:NL67INGB0667561447
:86:04-10-2025 11:40 7020735416593814
:61:251006C562,40N100INGBNL2A//2912594
:86:100 OVERSCHRIJVING VAN MW M M VD ENT
:86:8984945670 7020584828591108 KV
:86:NL22INGB0008245303
:86:04-10-2025 10:33 7020584828591108
:61:251006C620,28N100INGBNL2A//2912595
:86:100 OVERSCHRIJVING VAN MW L MUTSAERS
:86:8985972837 7020734210413151 LH
:86:NL45INGB0008923404
:86:04-10-2025 18:25 7020734210413151
:61:251006C735,55N100INGBNL2A//2912596
:86:100 OVERSCHRIJVING VAN HR R VAN BRUGGEN, MW S ELBERTS
:86:8984862401 7020666034472992 EH
:86:NL69INGB0005145404
:86:04-10-2025 09:58 7020666034472992
:61:251006C542,20N100INGBNL2A//2912597
:86:100 OVERSCHRIJVING VAN MW N VAN DEN BOS, HR J VAN RENSWOUDE
:86:8985758392 7020495725562524 HH
:86:NL24INGB0703417010
:86:04-10-2025 16:38 7020495725562524
:61:251006C909,40N100INGBNL2A//2912598
:86:100 OVERSCHRIJVING VAN MW S T R A DE GRAAFF
:86:8987475573 7020165737498249 ZV
:86:NL36INGB0007876742
:86:05-10-2025 16:34 7020165737498249
:61:251006C404,50N100INGBNL2A//2912599
:86:100 OVERSCHRIJVING VAN MW W A VERJAAL EN/OF HR N KORTHALS
:86:8985499414 7020535710413709 KV
:86:NL07INGB0009206649
:86:04-10-2025 14:42 7020535710413709
:61:251006C683,40N100INGBNL2A//2912600
:86:100 OVERSCHRIJVING VAN NILS VAN DUSSELDORP
:86:8984366125 7020656622416571 HB
:86:NL31INGB0668619686
:86:03-10-2025 23:19 7020656622416571
:61:251006C349,12N100INGBNL2A//2912601
:86:100 OVERSCHRIJVING VAN MW ES SMITS
:86:8986884227 7020644813440412 EH
:86:NL26INGB0003759660
:86:05-10-2025 10:28 7020644813440412
:61:251006C76,50N100INGBNL2A//2912602
:86:100 OVERSCHRIJVING VAN HR JCG DEKKER
:86:8984958820 7020394525382671 EH
:86:NL60INGB0001976479
:86:04-10-2025 10:40 7020394525382671
:61:251006C905,40N100SNSBNL2A//2912603
:86:100 OVERSCHRIJVING VAN M.G.B. JANSSEN E/O J.L. KRAUS
:86:8987391737 7020025737469863 HB
:86:NL13SNSB0787784842
:86:2025-10-05T15:38 7020025737469863
:61:251006C59,00N100INGBNL2A//2912604
:86:100 OVERSCHRIJVING VAN HR LA BEUKER, MW W HOEKSTRA
:86:8984745978 7020485428591360 EH
:86:NL49INGB0654880379
:86:04-10-2025 08:53 7020485428591360
:61:251006C241,32N100INGBNL2A//2912605
:86:100 OVERSCHRIJVING VAN MW S YILDIZ
:86:8983623057 7020515122534753 VM
:86:NL92INGB0797112936
:86:03-10-2025 16:37 7020515122534753
:61:251006C1261,60N100INGBNL2A//2912606
:86:100 OVERSCHRIJVING VAN MW C J VAN WILLIGEN-V NORDEN
:86:8983876445 7020395110566511 HB
:86:NL30INGB0004451101
:86:03-10-2025 18:23 7020395110566511
:61:251006C1394,20N100INGBNL2A//2912607
:86:100 OVERSCHRIJVING VAN MW GJN VAN DER SLUIS,HR T DE JONG
:86:8987017848 7020135122470202 KV
:86:NL52INGB0667834869
:86:05-10-2025 11:47 7020135122470202
:61:251006C217,60N100INGBNL2A//2912608
:86:100 OVERSCHRIJVING VAN HR MRK FABER, MW GM VISSER
:86:8984641251 7020034819592767 EH
:86:NL33INGB0670135275
:86:04-10-2025 07:06 7020034819592767
:61:251006C873,80N100INGBNL2A//2912609
:86:100 OVERSCHRIJVING VAN HR DS POCIECHA
:86:8984340124 7020856616536226 HB
:86:NL86INGB0705288188
:86:03-10-2025 22:56 7020856616536226
:61:251006C12,60N100SNSBNL2A//2912610
:86:100 OVERSCHRIJVING VAN L. BRIETZKE-KUYPERS E/O I.K. BRIETZKE
:86:8983831978 7020766016594570 HB
:86:NL73SNSB0862852935
:86:2025-10-03T18:05 7020766016594570
:61:251006C884,20N100SNSBNL2A//2912611
:86:100 OVERSCHRIJVING VAN J. JACOBUS-VAN DER ZANDE E/O W.W.J. DOLLEK
:86:8983807445 7020086328595536 HH
:86:NL69SNSB0872376079
:86:2025-10-03T17:53 7020086328595536
:61:251006C828,26N100RBRBNL21//2912612
:86:100 OVERSCHRIJVING VAN P.T.C. EGELIE
:86:8987038601 7020016910349650 PZ
:86:NL13RBRB8841582197
:86:2025-10-05T12:02 7020016910349650
:61:251006C1017,36N100SNSBNL2A//2912613
:86:100 OVERSCHRIJVING VAN K. VD LAAN-KAPER E/O W. VAN DER LAAN
:86:8984780444 7020144231412398 HH
:86:NL70SNSB0866987517
:86:2025-10-04T09:13 7020144231412398
:61:251006C128,85N100INGBNL2A//2912614
:86:100 OVERSCHRIJVING VAN MW S COLINA-HORDIJK
:86:8987564350 7020606637498957 KV
:86:NL91INGB0795012128
:86:05-10-2025 17:28 7020606637498957
:61:251006C852,92N100SNSBNL2A//2912615
:86:100 OVERSCHRIJVING VAN S. DRAADJER E/O V. KRUIZINGA
:86:8987421362 7020866316438714 KM
:86:NL54SNSB0909537631
:86:2025-10-05T15:59 7020866316438714
:61:251006C685,44N100SNSBNL2A//2912616
:86:100 OVERSCHRIJVING VAN H. BEEKHUIS E/O H.H. BEEKHUIS-BAKKER
:86:8987751636 7020746931380013 HB
:86:NL35SNSB0903753863
:86:2025-10-05T19:13 7020746931380013
:61:251006C1234,95N100ASNBNL21//2912617
:86:100 OVERSCHRIJVING VAN S. ROELOFS
:86:8986775841 7020806034440199 KV
:86:NL62ASNB8851984530
:86:2025-10-05T09:10 7020806034440199
:61:251006C279,08N100INGBNL2A//2912618
:86:100 OVERSCHRIJVING VAN HR P SCHREUDER EN/OF MW H SCHREUDER-BOER
:86:8987714948 7020924237588603 EH
:86:NL21INGB0925785490
:86:05-10-2025 18:53 7020924237588603
:61:251006C1368,00N100RBRBNL21//2912619
:86:100 OVERSCHRIJVING VAN M.G.J. KEIJZER E/O E.B. KEIJZER-WESTHOEVE
:86:8987161403 7020224525529089 TH
:86:NL33RBRB0916905616
:86:2025-10-05T13:12 7020224525529089
:61:251006C929,32N100INGBNL2A//2912620
:86:100 OVERSCHRIJVING VAN MW C J M VAN VEEN-VAN DEN BERG
:86:8984205891 7020954525535908 HE
:86:NL37INGB0005156747
:86:03-10-2025 21:20 7020954525535908
:61:251006C85,00N100SNSBNL2A//2912621
:86:100 OVERSCHRIJVING VAN K. KLEINJAN
:86:8987503374 7020746328500127 KV
:86:NL55SNSB0943841372
:86:2025-10-05T16:50 7020746328500127
:61:251006C152,90N100INGBNL2A//2912622
:86:100 OVERSCHRIJVING VAN HR HW VAN DEN DRIES,MW CJM VAN DEN DRIES
:86:8986967348 7020976325529758 MD
:86:NL94INGB0754522334
:86:05-10-2025 11:18 7020976325529758
:61:251006C40,00N100INGBNL2A//2912623
:86:100 OVERSCHRIJVING VAN MW AR VAN RATINGEN, HR B DERIX
:86:8987320556 7020656637319332 HE
:86:NL37INGB0747825025
:86:05-10-2025 14:54 7020656637319332
:61:251006C989,70N100INGBNL2A//2912624
:86:100 OVERSCHRIJVING VAN HR D VAN VERSEVELD, MW M VAN LAAR
:86:8987391703 7020496913350430 HB
:86:NL32INGB0667079114
:86:05-10-2025 15:38 7020496913350430
:61:251006C271,32N100INGBNL2A//2912625
:86:100 OVERSCHRIJVING VAN MW K GLERUM
:86:8987620198 7020954837498414 VM
:86:NL42INGB0717990354
:86:05-10-2025 18:00 7020954837498414
:61:251006C680,24N100INGBNL2A//2912626
:86:100 OVERSCHRIJVING VAN HR M A B MARIJNISSEN
:86:8986301468 7020276931472713 EH
:86:NL75INGB0005789958
:86:04-10-2025 22:02 7020276931472713
:61:251006C461,20N100INGBNL2A//2912627
:86:100 OVERSCHRIJVING VAN HR R VAN LEEUWEN, MW CP HARTEMINK
:86:8985864777 7020636931351054 ZV
:86:NL84INGB0004468947
:86:04-10-2025 17:30 7020636931351054
:61:251006C1909,36N100INGBNL2A//2912628
:86:100 OVERSCHRIJVING VAN HR K BOOM, MW A SCHOUTEN
:86:8986097434 7020555413442323 AR
:86:NL04INGB0007190849
:86:04-10-2025 19:33 7020555413442323
:61:251006C235,00N100INGBNL2A//2912629
:86:100 OVERSCHRIJVING VAN HR DBP DE KROON
:86:8986225214 7020524231442287 HB
:86:NL89INGB0419268502
:86:04-10-2025 21:00 7020524231442287
:61:251006C777,80N100INGBNL2A//2912630
:86:100 OVERSCHRIJVING VAN MW H PLOEGER
:86:8987804846 7020176325530874 ZV
:86:NL54INGB0009149640
:86:05-10-2025 19:44 7020176325530874
:61:251006C37,50N100INGBNL2A//2912631
:86:100 OVERSCHRIJVING VAN MW PH VAN DER WIEL
:86:8987697659 7020694237499647 SR
:86:NL23INGB0009642473
:86:05-10-2025 18:42 7020694237499647
:61:251006C20,00N100INGBNL2A//2912632
:86:100 OVERSCHRIJVING VAN MW B SLEURINK
:86:8987667670 7020805422350079 HH
:86:NL08INGB0666266395
:86:05-10-2025 18:24 7020805422350079
:61:251006C2400,15N100INGBNL2A//2912633
:86:100 OVERSCHRIJVING VAN HR E M HENGEVELD EN/OF MW M HENGEVELD-DE H
:86:8985742257 7020685137593007 SL
:86:NL40INGB0005723270
:86:04-10-2025 16:31 7020685137593007
:61:251006C1052,20N100INGBNL2A//2912634
:86:100 OVERSCHRIJVING VAN MW SJ GIJSBERS
:86:8986287782 7020326016381987 KV
:86:NL49INGB0001188843
:86:04-10-2025 21:54 7020326016381987
:61:251006C611,65N100INGBNL2A//2912635
:86:100 OVERSCHRIJVING VAN MW PH VAN DER WIEL
:86:8987638219 7020364237440109 SR
:86:NL23INGB0009642473
:86:05-10-2025 18:08 7020364237440109
:61:251006C349,32N100INGBNL2A//2912636
:86:100 OVERSCHRIJVING VAN MW G KLEINJAN
:86:8985661099 7020686631443868 VM
:86:NL74INGB0008690761
:86:04-10-2025 15:54 7020686631443868
:61:251006C404,02N100INGBNL2A//2912637
:86:100 OVERSCHRIJVING VAN MW I JONKER
:86:8987526526 7020314822560709 HB
:86:NL93INGB0005149046
:86:05-10-2025 17:04 7020314822560709
:61:251006C844,25N100INGBNL2A//2912638
:86:100 OVERSCHRIJVING VAN HR K SLOTEMA EN/OF MW M SLOTEMA-KOLK
:86:8983664896 7020436031324984 KV
:86:NL35INGB0002900951
:86:03-10-2025 16:54 7020436031324984
:61:251006C1479,40N100INGBNL2A//2912639
:86:100 OVERSCHRIJVING VAN HR W R FELIX EN/OF MW J FELIX-BELDEROK
:86:8985556157 7020634222323781 EH
:86:NL48INGB0007094124
:86:04-10-2025 15:06 7020634222323781
:61:251006C1065,10N100INGBNL2A//2912640
:86:100 OVERSCHRIJVING VAN HR PM VERBERNE,MW CGM JANSSEN
:86:8988022250 7020714510529035 LA
:86:NL24INGB0007905670
:86:05-10-2025 21:45 7020714510529035
:61:251006C105,20N100INGBNL2A//2912641
:86:100 OVERSCHRIJVING VAN HR DL FREDRIKSZ
:86:8984170899 7020515416444777 LH
:86:NL55INGB0004272559
:86:03-10-2025 20:55 7020515416444777
:61:251006C280,80N100INGBNL2A//2912642
:86:100 OVERSCHRIJVING VAN HR MD VAN HOOGDALEM,MW BAFP PETERS
:86:8987026293 7020616919438486 LH
:86:NL64INGB0778333949
:86:05-10-2025 11:52 7020616919438486
:61:251006C536,12N100INGBNL2A//2912643
:86:100 OVERSCHRIJVING VAN HR B KOOL,MW L KOOL-SWARTS
:86:8987543824 7020054513529443 HH
:86:NL96INGB0653183003
:86:05-10-2025 17:14 7020054513529443
:61:251006C12,60N100INGBNL2A//2912644
:86:100 OVERSCHRIJVING VAN Z SIEBEL
:86:8983896071 7020465428356106 HB
:86:NL56INGB0676945716
:86:03-10-2025 18:33 7020465428356106
:61:251006C56,90N100INGBNL2A//2912645
:86:100 OVERSCHRIJVING VAN MW CCJ DE BRESSER, HR JWH VAN DE LEUR
:86:8986840680 7020565737469479 ZV
:86:NL03INGB0005307418
:86:05-10-2025 10:04 7020565737469479
:61:251006C858,28N100INGBNL2A//2912646
:86:100 OVERSCHRIJVING VAN HR T HOUWELING EN/OF MW S HOUWELING-ABELS
:86:8986813016 7020385722590436 EH
:86:NL12INGB0003176360
:86:05-10-2025 09:44 7020385722590436
:61:251006C553,80N100INGBNL2A//2912647
:86:100 OVERSCHRIJVING VAN HR P J J VINK
:86:8986338791 7020015128503469 HB
:86:NL79INGB0005327002
:86:04-10-2025 22:37 7020015128503469
:61:251006C787,00N100INGBNL2A//2912648
:86:100 OVERSCHRIJVING VAN HR N H J JUCHEM
:86:8985130133 7020546919382329 TH
:86:NL83INGB0004044881
:86:04-10-2025 11:52 7020546919382329
:61:251006C972,24N100INGBNL2A//2912649
:86:100 OVERSCHRIJVING VAN HR MLA PAAS,MW MMW PLUIJMAEKERS
:86:8984070816 7020416022414669 TF
:86:NL37INGB0114748705
:86:03-10-2025 19:55 7020416022414669
:61:251006C2215,00N100RBRBNL21//2912650
:86:100 OVERSCHRIJVING VAN M.J.F. VERKOOIJEN E/O A.C.P. VERKOOIJEN-PR
:86:8987097966 7020635734320580 TH
:86:NL33RBRB8843190873
:86:2025-10-05T12:35 7020635734320580
:61:251006C121,10N100INGBNL2A//2912651
:86:100 OVERSCHRIJVING VAN MW JL NEVEN,HR M VAN DER HEIJDEN
:86:8984673127 7020045710442170 HB
:86:NL85INGB0797018778
:86:04-10-2025 07:49 7020045710442170
:61:251006C251,50N100INGBNL2A//2912652
:86:100 OVERSCHRIJVING VAN P VAN BOMMEL-LANGENHUIZEN E/O M VAN BOMMEL
:86:8986022590 7020676928533820 HH
:86:NL27INGB0755157435
:86:04-10-2025 18:53 7020676928533820
:61:251006C206,30N100INGBNL2A//2912653
:86:100 OVERSCHRIJVING VAN MW M UITERWIJK
:86:8983754937 7020776031384333 HB
:86:NL77INGB0008594968
:86:03-10-2025 17:32 7020776031384333
:61:251006C942,43N100INGBNL2A//2912654
:86:100 OVERSCHRIJVING VAN MW D W FLUIT EN/OF HR I PELGRIM
:86:8983804585 7020066013355848 EH
:86:NL23INGB0005072415
:86:03-10-2025 17:53 7020066013355848
:61:251006C821,40N100INGBNL2A//2912655
:86:100 OVERSCHRIJVING VAN HR JA ZEGSTROO,MW A ZEGSTROO-DANIELSE
:86:8988098565 7020884525350907 ZV
:86:NL44INGB0660900483
:86:05-10-2025 22:33 7020884525350907
:61:251006C276,40N100INGBNL2A//2912656
:86:100 OVERSCHRIJVING VAN HR DS PIETERSE
:86:8987609329 7020425434558930 KV
:86:NL98INGB0009524141
:86:05-10-2025 17:54 7020425434558930
:61:251006C250,00N100INGBNL2A//2912657
:86:100 OVERSCHRIJVING VAN HR S SCHAAP
:86:8988007984 7020646628468459 PZ
:86:NL48INGB0005729819
:86:05-10-2025 21:35 7020646628468459
:61:251006C544,80N100INGBNL2A//2912658
:86:100 OVERSCHRIJVING VAN HR RP MANN
:86:8987999692 7020455434380955 HH
:86:NL58INGB0007268059
:86:05-10-2025 21:31 7020455434380955
:61:251006C49,50N100INGBNL2A//2912659
:86:100 OVERSCHRIJVING VAN MW DD VAN DER PLAS
:86:8985661792 7020296013383586 HH
:86:NL80INGB0007407246
:86:04-10-2025 15:54 7020296013383586
:61:251006C426,40N100INGBNL2A//2912660
:86:100 OVERSCHRIJVING VAN HR JE HEIJMAN,MW MAW KRIJT
:86:8985662774 7020454516323901 VM
:86:NL65INGB0667560998
:86:04-10-2025 15:55 7020454516323901
:61:251006C591,60N100INGBNL2A//2912661
:86:100 OVERSCHRIJVING VAN MW M VAN 'T WOUT-HONDERS
:86:8987467853 7020766034438672 MD
:86:NL26INGB0002324545
:86:05-10-2025 16:28 7020766034438672
:61:251006C51,00N100INGBNL2A//2912662
:86:100 OVERSCHRIJVING VAN MW M KUILER
:86:8987943471 7020014228349179 KV
:86:NL62INGB0003933418
:86:05-10-2025 20:57 7020014228349179
:61:251006C1077,18N100INGBNL2A//2912663
:86:100 OVERSCHRIJVING VAN MW P HUITEMA-KORVER EN/OF HR D D HUITEMA
:86:8987690168 7020605722319014 EH
:86:NL47INGB0009380820
:86:05-10-2025 18:40 7020605722319014
:61:251006C47,50N100INGBNL2A//2912664
:86:100 OVERSCHRIJVING VAN HR G J OOMS
:86:8987680321 7020604231320349 EP
:86:NL16INGB0006034393
:86:05-10-2025 18:34 7020604231320349
:61:251006C328,80N100INGBNL2A//2912665
:86:100 OVERSCHRIJVING VAN MW L BROERE, HR RB BONS
:86:8986315517 7020654513321693 MD
:86:NL88INGB0704544938
:86:04-10-2025 22:14 7020654513321693
:61:251006C654,44N100INGBNL2A//2912666
:86:100 OVERSCHRIJVING VAN MW LE ZEGERS
:86:8984299563 7020706010355944 AR
:86:NL42INGB0006873169
:86:03-10-2025 22:26 7020706010355944
:61:251006C1407,60N100INGBNL2A//2912667
:86:100 OVERSCHRIJVING VAN MW O SCHREURS-BLIZNYUK,HR BLA SCHREURS
:86:8984328998 7020415119474789 LH
:86:NL54INGB0003447883
:86:03-10-2025 22:48 7020415119474789
:61:251006C1360,64N100INGBNL2A//2912668
:86:100 OVERSCHRIJVING VAN MW N AYAL-MET,HR MA AYAL
:86:8988010755 7020326322528456 HH
:86:NL49INGB0389857076
:86:05-10-2025 21:37 7020326322528456
:61:251006C860,80N100INGBNL2A//2912669
:86:100 OVERSCHRIJVING VAN MW MW DE GRAAF,HR GG HERMANS
:86:8986933629 7020436631348504 EP
:86:NL64INGB0008900073
:86:05-10-2025 10:57 7020436631348504
:61:251006C65,00N100SNSBNL2A//2912670
:86:100 OVERSCHRIJVING VAN I. VAN OORSOUW
:86:8987177178 7020526622559653 VM
:86:NL49SNSB0927279312
:86:2025-10-05T13:23 7020526622559653
:61:251006C655,45N100INGBNL2A//2912671
:86:100 OVERSCHRIJVING VAN MW NH VOORDENHOUT
:86:8986812749 7020854813318366 SR
:86:NL50INGB0006989716
:86:05-10-2025 09:40 7020854813318366
:61:251006C1282,65N100INGBNL2A//2912672
:86:100 OVERSCHRIJVING VAN HR JC VERHOEFF,MW JP PENNING
:86:8987788118 7020185416559860 PZ
:86:NL85INGB0754778770
:86:05-10-2025 19:32 7020185416559860
:61:251006C85,00N100INGBNL2A//2912673
:86:100 OVERSCHRIJVING VAN HR RH VAN DEN ELZEN,MW AAH VAN TILBURG
:86:8985328813 7020764522591954 MD
:86:NL43INGB0006811556
:86:04-10-2025 13:25 7020764522591954
:61:251006C430,48N100RABONL2U//2912674
:86:100 OVERSCHRIJVING VAN C.J. ARTS EO S.E.W.J. ARTS-HENDRIKS
:86:8988827905 7020246631435237 VM XUI-24864351
:86:NL31RABO0158687035
:86:06-10-2025 10:22 7020246631435237
:61:251006C26,00N100INGBNL2A//2912675
:86:100 OVERSCHRIJVING VAN HR S VAN SMAALEN
:86:8983525323 7020274834325809 HE
:86:NL70INGB0664750915
:86:03-10-2025 15:57 7020274834325809
:61:251006C596,04N100INGBNL2A//2912676
:86:100 OVERSCHRIJVING VAN MW L DE GROOT-SCHOEN
:86:8987527769 7020264825470883 EH
:86:NL37INGB0003670513
:86:05-10-2025 17:04 7020264825470883
:61:251006C996,95N100INGBNL2A//2912677
:86:100 OVERSCHRIJVING VAN MW M SCHOLS, HR P WAKKER
:86:8987355557 7020504513528570 EP
:86:NL95INGB0006443766
:86:05-10-2025 15:15 7020504513528570
:61:251006C152,16N100INGBNL2A//2912678
:86:100 OVERSCHRIJVING VAN MW DHJ VERPAALEN
:86:8987680961 7020516328558894 VM
:86:NL02INGB0008675664
:86:05-10-2025 18:34 7020516328558894
:61:251006C138,95N100INGBNL2A//2912679
:86:100 OVERSCHRIJVING VAN HR B J VAN BARNEVELD EN/OF MW S ARENDS
:86:8983781147 7020236616446094 HH
:86:NL63INGB0686698843
:86:03-10-2025 17:43 7020236616446094
:61:251006C1934,56N100INGBNL2A//2912680
:86:100 OVERSCHRIJVING VAN HR M S GERDS EN/OF MW M G M VOLLEBREGT
:86:8985767505 7020436628533220 EH
:86:NL90INGB0748597549
:86:04-10-2025 16:44 7020436628533220
:61:251006C1048,85N100INGBNL2A//2912681
:86:100 OVERSCHRIJVING VAN MW KL VASSE, HR JP ZINKSTOK
:86:8984945093 7020734819591864 SR
:86:NL03INGB0650604865
:86:04-10-2025 10:33 7020734819591864
:61:251006C152,00N100INGBNL2A//2912682
:86:100 OVERSCHRIJVING VAN MW A VAN LEEUWEN, HR J DE REUVER
:86:8983637379 7020024522414819 AR
:86:NL63INGB0009693163
:86:03-10-2025 16:44 7020024522414819
:61:251006C294,13N100INGBNL2A//2912683
:86:100 OVERSCHRIJVING VAN MW K BAARSLAG-OUDEKERK EN/OF HR G J BAARSL
:86:8987838062 7020355413470742 PZ
:86:NL65INGB0004734293
:86:05-10-2025 20:03 7020355413470742
:61:251006C187,08N100INGBNL2A//2912684
:86:100 OVERSCHRIJVING VAN MW M VAN RIJCKEVORSEL
:86:8984692100 7020546325352035 EH
:86:NL49INGB0688831737
:86:04-10-2025 08:10 7020546325352035
:61:251006C39,50N100INGBNL2A//2912685
:86:100 OVERSCHRIJVING VAN MW S VAN EGMOND
:86:8984872187 7020304837471678 EP
:86:NL23INGB0002219839
:86:04-10-2025 09:59 7020304837471678
:61:251006C359,16N100INGBNL2A//2912686
:86:100 OVERSCHRIJVING VAN HR D W VAN SANTBRINK
:86:8985211279 7020434222411237 EH
:86:NL76INGB0007532739
:86:04-10-2025 12:28 7020434222411237
:61:251006C51,00N100INGBNL2A//2912687
:86:100 OVERSCHRIJVING VAN MW E VAN HUISSELING
:86:8987013398 7020915113349731 VM
:86:NL25INGB0754030040
:86:05-10-2025 11:45 7020915113349731
:61:251006C642,12N100INGBNL2A//2912688
:86:100 OVERSCHRIJVING VAN MW E J LOOIJEN
:86:8985629998 7020136922503790 EH
:86:NL61INGB0002272699
:86:04-10-2025 15:41 7020136922503790
:61:251006C177,00N100INGBNL2A//2912689
:86:100 OVERSCHRIJVING VAN MW E TIMMERMAN,HR SF VISSER
:86:8987170036 7020044534408573 KV
:86:NL50INGB0637594088
:86:05-10-2025 13:18 7020044534408573
:61:251006C50,00N100SNSBNL2A//2912690
:86:100 OVERSCHRIJVING VAN B.K. HAMBURG E/O H.J.M. MULDERS
:86:8987534165 7020506010379737 HH
:86:NL33SNSB0706084098
:86:2025-10-05T17:10 7020506010379737
:61:251006C561,39N541INGBNL2A//2912691
:86:541 CREDIT TRANSACTIE VAN HR A J J LANGENBERG EN MW W A LANGENBER
:86:NL36INGB0001849162
:86:753941
:61:251006C2615,58N100INGBNL2A//2912692
:86:100 OVERSCHRIJVING VAN MW RS JANSSEN-PATTINAJA, HR J JANSSEN
:86:8983836837 7020046316536280 AG
:86:NL87INGB0685467481
:86:03-10-2025 18:05 7020046316536280
:61:251006C549,12N100INGBNL2A//2912693
:86:100 OVERSCHRIJVING VAN MW A P A M KIVITS
:86:8987826494 7020336037528030 EH
:86:NL68INGB0754241017
:86:05-10-2025 19:57 7020336037528030
:61:251006C552,48N100RBRBNL21//2912694
:86:100 OVERSCHRIJVING VAN E.N.M. SJERPS
:86:8987886574 7020036037589965 VM
:86:NL33RBRB0940833964
:86:2025-10-05T20:27 7020036037589965
:61:251006C128,30N100INGBNL2A//2912695
:86:100 OVERSCHRIJVING VAN EM RADEMAKER-BOTTCHER,HR XJ RADEMAKER
:86:8986346638 7020174222533142 HB
:86:NL16INGB0005584507
:86:04-10-2025 22:43 7020174222533142
:61:251006C346,20N100SNSBNL2A//2912696
:86:100 OVERSCHRIJVING VAN L.T. MULDER E/O M. MULDER-VAN DER STRUIK
:86:8985523333 7020094225323232 HB
:86:NL64SNSB0878366598
:86:2025-10-04T14:52 7020094225323232
:61:251006C854,24N100INGBNL2A//2912697
:86:100 OVERSCHRIJVING VAN MW HAL KNOOP
:86:8985737830 7020376913411414 EH
:86:NL04INGB0008056186
:86:04-10-2025 16:29 7020376913411414
:61:251006C1250,40N100INGBNL2A//2912698
:86:100 OVERSCHRIJVING VAN HR R LIU-VAN DORP, MW D LIU-VAN DORP
:86:8985251655 7020645410413754 ZV
:86:NL93INGB0671694634
:86:04-10-2025 12:48 7020645410413754
:61:251006C581,10N100INGBNL2A//2912699
:86:100 OVERSCHRIJVING VAN HR RTWJ HEESAKKERS
:86:8983932801 7020066031566082 SR
:86:NL53INGB0668952873
:86:03-10-2025 18:50 7020066031566082
:61:251006C439,86N100INGBNL2A//2912700
:86:100 OVERSCHRIJVING VAN MW EVD BERNIER
:86:8985842319 7020206931561255 VM
:86:NL51INGB0668109106
:86:04-10-2025 17:19 7020206931561255
:61:251006C569,00N100ASNBNL21//2912701
:86:100 OVERSCHRIJVING VAN T.R. ALBERS E/O E.A.G. HOEVENAARS
:86:8986996987 7020476922349143 EP
:86:NL49ASNB0943192099
:86:2025-10-05T11:35 7020476922349143
:61:251006C880,20N100BUNQNL2A//2912702
:86:100 OVERSCHRIJVING VAN J. VAN DER HEIDEN
:86:8984061050 7020796016445317 VN
:86:NL87BUNQ2290881740
:86:03-10-2025 19:51 7020796016445317
:61:251006C51,00N100INGBNL2A//2912703
:86:100 OVERSCHRIJVING VAN MW AC REIJERS
:86:8986169620 7020795725352548 HB
:86:NL14INGB0398374015
:86:04-10-2025 20:20 7020795725352548
:61:251006C765,40N100SNSBNL2A//2912704
:86:100 OVERSCHRIJVING VAN J.P. VAN DER VLUGT E/O N. BERTENS
:86:8985807330 7020175713532758 ZV
:86:NL87SNSB0937659665
:86:2025-10-04T17:02 7020175713532758
:61:251006C503,10N100REVONL22//2912705
:86:100 OVERSCHRIJVING VAN ESEN GURGEN
:86:8983821720 7020386628504540 KV
:86:NL65REVO2681045566
:86:03-10-2025 16:00 7020386628504540
:61:251006C424,68N100BUNQNL2A//2912706
:86:100 OVERSCHRIJVING VAN J. COENEN
:86:8985975293 7020526631531792 LH
:86:NL83BUNQ2083840356
:86:04-10-2025 18:28 7020526631531792
:61:251006C225,20N100BUNQNL2A//2912707
:86:100 OVERSCHRIJVING VAN L.T. DE GROEN  M.C.N. SCHRAM CJ
:86:8985100907 7020085128593589 HB
:86:NL24BUNQ2053883162
:86:04-10-2025 11:39 7020085128593589
:61:251006C515,16N100INGBNL2A//2912708
:86:100 OVERSCHRIJVING VAN HR J T RADEMAKER EN/OF MW A W BRESSER
:86:8986975346 7020046016589992 EH
:86:NL02INGB0686814401
:86:05-10-2025 11:23 7020046016589992
:61:251006C506,20N100RBRBNL21//2912709
:86:100 OVERSCHRIJVING VAN P.M.H. VAN DEN HEUVEL E/O P. HARMSTON
:86:8986817371 7020285137320934 HB
:86:NL13RBRB0917666747
:86:2025-10-05T09:43 7020285137320934
:61:251006C730,80N100ASNBNL21//2912710
:86:100 OVERSCHRIJVING VAN J.M. KLOK-DE VRIES E/O H.J. KLOK
:86:8986346891 7020014828562806 PZ
:86:NL85ASNB0707465737
:86:2025-10-04T22:42 7020014828562806
:61:251006C714,24N100RBRBNL21//2912711
:86:100 OVERSCHRIJVING VAN J.C.W. KUIJPER-VAGEVUUR E/O H.W. KUIJPER
:86:8985756107 7020956934473835 ZV
:86:NL04RBRB0989651967
:86:2025-10-04T16:38 7020956934473835
:61:251006C246,40N100INGBNL2A//2912712
:86:100 OVERSCHRIJVING VAN HR AFS BROEKHUIZEN, MW Y STOLK
:86:8987113030 7020145728560292 KV
:86:NL57INGB0006248995
:86:05-10-2025 12:43 7020145728560292
:61:251006C1459,12N100INGBNL2A//2912713
:86:100 OVERSCHRIJVING VAN MW IAA KEMPEN-LOUMAN
:86:8986870136 7020436637588609 SL
:86:NL25INGB0748590668
:86:05-10-2025 10:22 7020436637588609
:61:251006C747,00N100INGBNL2A//2912714
:86:100 OVERSCHRIJVING VAN MW MS VERHEIJEN
:86:8984226666 7020524819564432 HB
:86:NL87INGB0008934385
:86:03-10-2025 21:30 7020524819564432
:61:251006C668,10N100INGBNL2A//2912715
:86:100 OVERSCHRIJVING VAN HR DR KNAP
:86:8983483677 7020606925356670 HB
:86:NL24INGB0000307951
:86:03-10-2025 15:41 7020606925356670
:61:251006C969,95N100ABNANL2A//2912716
:86:100 OVERSCHRIJVING VAN LOOGMAN BEDRIJFSARTS
:86:8987629177 7020116322409716 KV
:86:NL53ABNA0433031662
:86:05-10-2025 18:04 7020116322409716
:61:251006C2191,65N100ABNANL2A//2912717
:86:100 OVERSCHRIJVING VAN GJC POST NEDERKOORN CJ
:86:8987363573 7020216913439467 ZV
:86:NL41ABNA0506072878
:86:05-10-2025 15:20 7020216913439467
:61:251006C54,50N100ABNANL2A//2912718
:86:100 OVERSCHRIJVING VAN P BEZUIJEN CJ
:86:8987267909 7020676313468348 VM
:86:NL13ABNA0860932362
:86:05-10-2025 14:22 7020676313468348
:61:251006C1286,70N100SNSBNL2A//2912719
:86:100 OVERSCHRIJVING VAN D. TROMP E/O C.G.W. KAPTHEIJNS
:86:8988023886 7020496331439653 LH
:86:NL35SNSB0773108734
:86:2025-10-05T21:44 7020496331439653
:61:251006C116,80N100RBRBNL21//2912720
:86:100 OVERSCHRIJVING VAN E.M. MIDDELVELD E/O E. PATER
:86:8988025933 7020515110378768 EH
:86:NL54RBRB8835354641
:86:2025-10-05T21:46 7020515110378768
:61:251006C1137,50N100ASNBNL21//2912721
:86:100 OVERSCHRIJVING VAN J. DE GRAAFF E/O W.F. HUTTEN
:86:8988081465 7020384231408642 LH
:86:NL21ASNB0782889336
:86:2025-10-05T22:22 7020384231408642
:61:251006C20,00N100SNSBNL2A//2912722
:86:100 OVERSCHRIJVING VAN M.M. FRAIKIN E/O A.R. AL SHAHIN
:86:8988054320 7020824513319422 EP
:86:NL64SNSB0773124217
:86:2025-10-05T22:03 7020824513319422
:61:251006C484,20N100SNSBNL2A//2912723
:86:100 OVERSCHRIJVING VAN P.H.P.M. MEULEMAN E/O L. WILBRINK
:86:8988098330 7020895113500070 MD
:86:NL92SNSB0908495749
:86:2025-10-05T22:31 7020895113500070
:61:251006C96,00N100REVONL22//2912724
:86:100 OVERSCHRIJVING VAN JOSE ZWART
:86:8986230006 7020854819472398 HB
:86:NL13REVO1149938265
:86:04-10-2025 19:06 7020854819472398
:61:251006C460,05N100ASNBNL21//2912725
:86:100 OVERSCHRIJVING VAN E.J.I. VISSCHER E/O W.W. VISSCHER-HOEKERD
:86:8987584864 7020076325499128 AR
:86:NL82ASNB0709263880
:86:2025-10-05T17:40 7020076325499128
:61:251006C458,72N100RBRBNL21//2912726
:86:100 OVERSCHRIJVING VAN J.A. BROERSMA
:86:8986905541 7020054216439677 HB
:86:NL75RBRB0706516516
:86:2025-10-05T10:42 7020054216439677
:61:251006C680,20N100SNSBNL2A//2912727
:86:100 OVERSCHRIJVING VAN R.J.M. VAN DIEMEN E/O C. KRANSSE
:86:8986097829 7020975110503835 EH
:86:NL84SNSB8838068577
:86:2025-10-04T19:32 7020975110503835
:61:251006C55,00N100INGBNL2A//2912728
:86:100 OVERSCHRIJVING VAN MW LH VAN DER VEER
:86:8985824269 7020524822381810 EP
:86:NL62INGB0006010479
:86:04-10-2025 17:11 7020524822381810
:61:251006C558,00N100INGBNL2A//2912729
:86:100 OVERSCHRIJVING VAN MW A HOEKSTRA
:86:8987663044 7020984537560100 LH
:86:NL79INGB0009171112
:86:05-10-2025 18:24 7020984537560100
:61:251006C970,19N100SNSBNL2A//2912730
:86:100 OVERSCHRIJVING VAN B. VAN VUGT
:86:8986826259 7020944210530439 PZ
:86:NL30SNSB0927362589
:86:2025-10-05T09:53 7020944210530439
:61:251006C250,00N100INGBNL2A//2912731
:86:100 OVERSCHRIJVING VAN MW M F DONKER
:86:8986180341 7020185410441423 EP
:86:NL19INGB0001121871
:86:04-10-2025 20:26 7020185410441423
:61:251006C758,38N100ASNBNL21//2912732
:86:100 OVERSCHRIJVING VAN S. TAEKEMA E/O C.T. VAN HEIJNINGEN
:86:8987813406 7020544522529902 MD
:86:NL61ASNB0267406851
:86:2025-10-05T19:48 7020544522529902
:61:251006C511,20N100INGBNL2A//2912733
:86:100 OVERSCHRIJVING VAN HR R SCHUTTEN EN/OF HR D SCHUTTEN
:86:8986975501 7020795731350937 KV
:86:NL52INGB0008254657
:86:05-10-2025 11:23 7020795731350937
:61:251006C230,34N100INGBNL2A//2912734
:86:100 OVERSCHRIJVING VAN MW M THIEL
:86:8986179758 7020474828561789 HA
:86:NL46INGB0005185782
:86:04-10-2025 20:26 7020474828561789
:61:251006C627,10N100ABNANL2A//2912735
:86:100 OVERSCHRIJVING VAN G HOVESTAD CJ
:86:8986271650 7020226319503982 HH
:86:NL75ABNA0424540371
:86:04-10-2025 21:37 7020226319503982
:61:251006C484,50N100ASNBNL21//2912736
:86:100 OVERSCHRIJVING VAN S.R. HOFSTEE
:86:8984235615 7020315737595485 HB
:86:NL85ASNB0942250648
:86:2025-10-03T21:38 7020315737595485
:61:251006C697,80N100INGBNL2A//2912737
:86:100 OVERSCHRIJVING VAN MW P RAMDHANI-ROOPRAM, HR H RAMDHANI
:86:8983738843 7020984225565641 EH
:86:NL03INGB0006796659
:86:03-10-2025 17:25 7020984225565641
:61:251006C645,80N100INGBNL2A//2912738
:86:100 OVERSCHRIJVING VAN HR W H S HATTINK E/O MW C HATTINK-WEVERS
:86:8985743393 7020716022413688 LH
:86:NL61INGB0005215776
:86:04-10-2025 16:33 7020716022413688
:61:251006C441,84N100INGBNL2A//2912739
:86:100 OVERSCHRIJVING VAN HR R H R OOSTVEEN EN/OF MW A DE RUITER
:86:8986961730 7020176613319116 EH
:86:NL28INGB0005921754
:86:05-10-2025 11:17 7020176613319116
:61:251006C900,68N100ASNBNL21//2912740
:86:100 OVERSCHRIJVING VAN A.L.M. DE THEIJE
:86:8988120992 7020426334318663 EH
:86:NL04ASNB0707519187
:86:2025-10-05T22:49 7020426334318663
:61:251006C185,30N100BUNQNL2A//2912741
:86:100 OVERSCHRIJVING VAN D. METSELAAR
:86:8986069714 7020266610472383 HH
:86:NL48BUNQ2290862363
:86:04-10-2025 19:18 7020266610472383
:61:251006C2291,25N100RBRBNL21//2912742
:86:100 OVERSCHRIJVING VAN G. MEKENKAMP E/O L.R.M. PIKKEMAAT
:86:8988054278 7020605713408711 HB
:86:NL47RBRB0929934695
:86:2025-10-05T22:03 7020605713408711
:61:251006C869,25N100ABNANL2A//2912743
:86:100 OVERSCHRIJVING VAN H T VAN STEENIS
:86:8987363633 7020034528380979 VM
:86:NL34ABNA0423186213
:86:05-10-2025 15:21 7020034528380979
:61:251006C472,10N100ABNANL2A//2912744
:86:100 OVERSCHRIJVING VAN W VAN KRAANEN
:86:8986190601 7020624528443352 HH
:86:NL30ABNA0575518383
:86:04-10-2025 20:35 7020624528443352
:61:251006C536,20N100INGBNL2A//2912745
:86:100 OVERSCHRIJVING VAN MW G VAN DEN BOOGAART
:86:8986845874 7020084522440058 HH
:86:NL77INGB0009614729
:86:05-10-2025 10:05 7020084522440058
:61:251006C678,20N100BUNQNL2A//2912746
:86:100 OVERSCHRIJVING VAN T.J.H. ALSTADT
:86:8987468432 7020016016589884 EP
:86:NL11BUNQ2142832881
:86:05-10-2025 16:30 7020016016589884
:61:251006C269,00N100REVONL22//2912747
:86:100 OVERSCHRIJVING VAN LYDIA FIKSE
:86:8983889132 7020675137356115 EH
:86:NL06REVO5888518662
:86:03-10-2025 16:30 7020675137356115
:61:251006C833,24N100INGBNL2A//2912748
:86:100 OVERSCHRIJVING VAN HR M DE JONG,MW AAJ CHAFE
:86:8986186085 7020605134413445 MD
:86:NL07INGB0388730110
:86:04-10-2025 20:33 7020605134413445
:61:251006C828,21N100INGBNL2A//2912749
:86:100 OVERSCHRIJVING VAN HR R J J SLOOTBEEK
:86:8983786865 7020214528594366 SL
:86:NL22INGB0004432233
:86:03-10-2025 17:45 7020214528594366
:61:251006C1049,64N100RABONL2U//2912750
:86:100 OVERSCHRIJVING VAN GEZINSHUIS DE GEUS
:86:8988846489 7020065731345807 PZ XUI-51436242
:86:NL48RABO0372336892
:86:06-10-2025 10:24 7020065731345807
:61:251006C59,00N100RABONL2U//2912751
:86:100 OVERSCHRIJVING VAN J.P.C.M. VAN DER STOKKER EO H.M.A. GOMMER
:86:8988856170 7020335431407217 EH XUI-10132934
:86:NL13RABO0191243760
:86:06-10-2025 10:28 7020335431407217
:61:251006C479,10N100RABONL2U//2912752
:86:100 OVERSCHRIJVING VAN Y.P.G. HENDRIKS
:86:8988861529 7020315110555417 SR XUI-96894704
:86:NL54RABO0123628105
:86:06-10-2025 10:30 7020315110555417
:61:251006C116,20N100RABONL2U//2912753
:86:100 OVERSCHRIJVING VAN P.J.H. MELCHERS EO V. KRAMER
:86:8988860363 7020216034435120 MD XUI-10164383
:86:NL61RABO0171732995
:86:06-10-2025 10:32 7020216034435120
:61:251006C334,16N100RABONL2U//2912754
:86:100 OVERSCHRIJVING VAN M.M. DE BOCK
:86:8988866385 7020236316586497 PZ XUI-40793737
:86:NL84RABO0336520352
:86:06-10-2025 10:34 7020236316586497
:61:251006C50,00N100RABONL2U//2912755
:86:100 OVERSCHRIJVING VAN E.N. VAN DER KROFT EO A.G. VAN DER HEIDE
:86:8988887510 7020036628377892 HB XUI-10002561
:86:NL55RABO0340819332
:86:06-10-2025 10:40 7020036628377892
:61:251006C594,48N100RABONL2U//2912756
:86:100 OVERSCHRIJVING VAN A.F.G. SPIKMANS EO A SPIKMANS-VAN DEN BERS
:86:8988885511 7020306019467334 PZ XUI-67698123
:86:NL18RABO0175427917
:86:06-10-2025 10:40 7020306019467334
:61:251006C12,00N100RABONL2U//2912757
:86:100 OVERSCHRIJVING VAN M.F. WILLEMS EO A.M.H. WILLEMS-VOGELS
:86:8988885928 7020245113466314 MD XUI-78229843
:86:NL19RABO0107066955
:86:06-10-2025 10:43 7020245113466314
:61:251006C722,20N100RABONL2U//2912758
:86:100 OVERSCHRIJVING VAN THILLY'S HAARMODE
:86:8988895855 7020284237555606 ZV XUI-79864163
:86:NL27RABO0112331777
:86:06-10-2025 10:45 7020284237555606
:61:251006C679,20N541RABONL2U//2912759
:86:541 CREDIT TRANSACTIE VAN M.W.C.M. NILLESSEN EO M.M.A. NILLESSEN-
:86:RESEVERINGNR 3802688
:86:NL79RABO0138308217
:86:0007052791000100358
:61:251006C451,20N100RABONL2U//2912760
:86:100 OVERSCHRIJVING VAN B.A.H.J. CORNELISSEN
:86:8988910946 7020116937587478 EP XUI-59232535
:86:NL10RABO0316837377
:86:06-10-2025 10:49 7020116937587478
:61:251006C810,66N100RABONL2U//2912761
:86:100 OVERSCHRIJVING VAN C.J.H. MOOLENAAR EO F.W.M. MOOLENAAR-SLEGE
:86:8988911059 7020676322467394 PZ XUI-77064473
:86:NL61RABO0136969844
:86:06-10-2025 10:50 7020676322467394
:61:251006C40,00N541REVOLT21//2912762
:86:541 CREDIT TRANSACTIE VAN KATARZYNA STRYSZAK
:86:BOOKING NO.8000013, BULL TERRIER WEEKEND
:86:LT653250027209365982
:61:251006C13,00N100INGBNL2A//2912779
:86:100 OVERSCHRIJVING VAN HR P SCHREUDER EN/OF MW H SCHREUDER-BOER
:86:8988649293 7020094834407979 EH
:86:NL21INGB0925785490
:86:06-10-2025 09:08 7020094834407979
:61:251006C467,48N100INGBNL2A//2912763
:86:100 OVERSCHRIJVING VAN HR J EGBERTS, MW DPM EGBERTS-ELIENS
:86:8988631508 7020254528497478 HA
:86:NL85INGB0004448268
:86:06-10-2025 09:01 7020254528497478
:61:251006C1322,70N100INGBNL2A//2912764
:86:100 OVERSCHRIJVING VAN MW A ROELAND
:86:8988766255 7020484825436887 HB
:86:NL55INGB0006947237
:86:06-10-2025 09:56 7020484825436887
:61:251006C51,00N100INGBNL2A//2912765
:86:100 OVERSCHRIJVING VAN MW F MASOUMI
:86:8988685257 7020226319556062 HA
:86:NL89INGB0688455530
:86:06-10-2025 09:23 7020226319556062
:61:251006C113,70N100INGBNL2A//2912766
:86:100 OVERSCHRIJVING VAN HR J STAM, MW EC STAM-GEUZE
:86:8988752788 7020915734527691 LA
:86:NL52INGB0001150474
:86:06-10-2025 09:49 7020915734527691
:61:251006C196,80N100INGBNL2A//2912767
:86:100 OVERSCHRIJVING VAN HR TAM STOOTS,MW APWM STOOTS-ARTS
:86:8988676470 7020025734316092 ZV
:86:NL22INGB0005305427
:86:06-10-2025 09:17 7020025734316092
:61:251006C248,60N100INGBNL2A//2912768
:86:100 OVERSCHRIJVING VAN HR K VERMAAS, MW JA VERMAAS-LAKERVELD
:86:8988744697 7020164525467463 MD
:86:NL27INGB0002469833
:86:06-10-2025 09:49 7020164525467463
:61:251006C663,20N100INGBNL2A//2912769
:86:100 OVERSCHRIJVING VAN HR PNM DE VOS, MW J VAN EIJK
:86:8988701354 7020156019347523 KV
:86:NL02INGB0009449627
:86:06-10-2025 09:27 7020156019347523
:61:251006C652,77N100INGBNL2A//2912770
:86:100 OVERSCHRIJVING VAN HR M FEIJEN,MW PL FEIJEN-KOENDERS
:86:8988765043 7020325734556755 LH
:86:NL04INGB0667694404
:86:06-10-2025 09:54 7020325734556755
:61:251006C318,44N100INGBNL2A//2912771
:86:100 OVERSCHRIJVING VAN HR WJJ VAN DIJK, MW AP VAN DIJK-HONING
:86:8988714121 7020484837406164 KM
:86:NL18INGB0004169629
:86:06-10-2025 09:33 7020484837406164
:61:251006C717,17N100INGBNL2A//2912772
:86:100 OVERSCHRIJVING VAN HR ECWJM KESSELS, MW EAJ BRENTJENS
:86:8988648972 7020166622435720 OD
:86:NL82INGB0663585341
:86:06-10-2025 09:11 7020166622435720
:61:251006C378,80N100INGBNL2A//2912773
:86:100 OVERSCHRIJVING VAN R H H KNOBEN
:86:8988640841 7020594213525087 EP
:86:NL29INGB0008155743
:86:06-10-2025 09:04 7020594213525087
:61:251006C8,00N100INGBNL2A//2912774
:86:100 OVERSCHRIJVING VAN MW L LAGERWEIJ,HR T OSKAM
:86:8988757637 7020765431525606 TH
:86:NL21INGB0733659918
:86:06-10-2025 09:52 7020765431525606
:61:251006C2068,13N100INGBNL2A//2912775
:86:100 OVERSCHRIJVING VAN MW AJMH DERIJCK, HR RJIM VAN VUGT
:86:8988734194 7020394831347562 KV
:86:NL63INGB0676418686
:86:06-10-2025 09:43 7020394831347562
:61:251006C21,15N100INGBNL2A//2912776
:86:100 OVERSCHRIJVING VAN HR MFA BAKKER, MW PM SLOOTJES
:86:8988750808 7020985419527715 VN
:86:NL90INGB0006325419
:86:06-10-2025 09:50 7020985419527715
:61:251006C530,20N100INGBNL2A//2912777
:86:100 OVERSCHRIJVING VAN HR JF HOVELING,MW C SESSINK
:86:8988652396 7020985122497046 HH
:86:NL43INGB0398192588
:86:06-10-2025 09:09 7020985122497046
:61:251006C7,50N100INGBNL2A//2912778
:86:100 OVERSCHRIJVING VAN MW AW OLIJERHOEK-PRACHT, HR A OLIJERHOEK
:86:8988756138 7020384834555804 KV
:86:NL47INGB0003608738
:86:06-10-2025 09:52 7020384834555804
:61:251006C605,65N100ABNANL2A//2912780
:86:100 OVERSCHRIJVING VAN RC GRIMBERGEN CJ
:86:8988515549 7020865113587139 HH
:86:NL35ABNA0629071896
:86:06-10-2025 08:03 7020865113587139
:61:251006C253,80N541RABONL2UXXX//2912781
:86:541 CREDIT TRANSACTIE VAN J.J.J. DE VRIES
:86:5517386
:86:NL12RABO0374521786
:61:251006C1533,00N541REVONL22//2912782
:86:541 CREDIT TRANSACTIE VAN DENNIS VAN OUDHEUSDEN  MANIKA RIDDER
:86:RESERVERINGSNUMMER: 72504
:86:NL04REVO3723130953
:61:251006C2,50N100ABNANL2A//2912784
:86:100 OVERSCHRIJVING VAN PATRICK VAN DER VLIET
:86:8988624727 7020024234495387 KV
:86:NL12ABNA0552290505
:86:06-10-2025 08:58 7020024234495387
:61:251006C866,40N100INGBNL2A//2912783
:86:100 OVERSCHRIJVING VAN HR K BOS,MW BN BOS-BOON
:86:8988700235 7020344213317835 MD
:86:NL62INGB0008652177
:86:06-10-2025 09:27 7020344213317835
:61:251006C891,12N100RABONL2U//2912785
:86:100 OVERSCHRIJVING VAN H.J. KOSSE EO A.J.A. KOSSE-SCHLEPERS
:86:8988960790 7020406634526287 HA XUI-95366962
:86:NL23RABO0147704839
:86:06-10-2025 11:09 7020406634526287
:61:251006C664,24N541KNABNL2H//2912786
:86:541 CREDIT TRANSACTIE VAN P. M. C. VAN DEN BEEMT
:86:RESERVERING 6516723
:86:NL31KNAB0418089523
:61:251006C503,88N100RABONL2U//2912787
:86:100 OVERSCHRIJVING VAN B.A.H. BITTER
:86:8988990382 7020034825587805 KM XUI-97580423
:86:NL12RABO0133532755
:86:06-10-2025 11:19 7020034825587805
:61:251006C1926,35N100RABONL2U//2912788
:86:100 OVERSCHRIJVING VAN M.L.A. FRANSSEN EO L.J. KNOPS
:86:8988990230 7020284831346293 KV XUI-69525251
:86:NL87RABO0107903326
:86:06-10-2025 11:18 7020284831346293
:61:251006C788,90N100ABNANL2A//2912796
:86:100 OVERSCHRIJVING VAN J KOSTWINDER
:86:8988726285 7020136910525801 HH
:86:NL63ABNA0571359981
:86:06-10-2025 09:38 7020136910525801
:61:251006C58753,00N541KLRNSESS//2912798
:86:541 CREDIT TRANSACTIE VAN KLARNA BANK AB
:86:135655164
:86:SE7197810000000007308337
:86:0199AC71A9AF73058DC40BA503955859
:61:251006C61,00N100ABNANL2A//2912794
:86:100 OVERSCHRIJVING VAN L HANSMA CJ
:86:8988753930 7020764210556524 HH
:86:NL73ABNA0482528850
:86:06-10-2025 09:51 7020764210556524
:61:251006C180,78N100ABNANL2A//2912795
:86:100 OVERSCHRIJVING VAN JM DEGUELLE
:86:8988686560 7020945419406095 HA
:86:NL35ABNA0428526918
:86:06-10-2025 09:21 7020945419406095
:61:251006C441,20N100ABNANL2A//2912797
:86:100 OVERSCHRIJVING VAN D WIENDELS
:86:8988753751 7020296010435138 HH
:86:NL83ABNA0514469315
:86:06-10-2025 09:49 7020296010435138
:61:251006C122361,02N541GEBABEBB//2912789
:86:541 CREDIT TRANSACTIE VAN WORLDLINE
:86:R:9-81358999/333  AFG:MC VAN 01/10 TOT 01/10         BRT:0123723,
:86:38EUR C:01362,36
:86:BE39210096870619
:86:202510010145514
:61:251006C77128,27N541KLRNSESS//2912790
:86:541 CREDIT TRANSACTIE VAN KLARNA BANK AB
:86:135760472
:86:SE7197810000000007308337
:86:0199B6B6556F77979403932A58D051F6
:61:251006C66165,44N541KLRNSESS//2912791
:86:541 CREDIT TRANSACTIE VAN KLARNA BANK AB
:86:135711788
:86:SE7197810000000007308337
:86:0199B18E9DD67DD5AF50D8BBA1555F59
:61:251006C666,60N100REVOLT21//2912792
:86:100 OVERSCHRIJVING VAN ROBBERT BROKERHOF
:86:8986199579 7020075425473757 HB
:86:LT253250062668321109
:86:04-10-2025 18:43 7020075425473757
:61:251006C96405,65N541GEBABEBB//2912793
:86:541 CREDIT TRANSACTIE VAN WORLDLINE
:86:R:3-81358999/334  AFG:VI VAN 01/10 TOT 01/10         BRT:0097374,
:86:75EUR C:00969,10
:86:BE39210096870619
:86:202510010145521
:61:251006C119,40N100RABONL2U//2912799
:86:100 OVERSCHRIJVING VAN DRS. R.W. GRAVE EO D.P.E.M. BIERMANS
:86:8988998443 7020366637377835 PZ XUI-10179167
:86:NL97RABO0174189745
:86:06-10-2025 11:22 7020366637377835
:61:251006C610,00N100RABONL2U//2912800
:86:100 OVERSCHRIJVING VAN S. VAN VEENENDAAL
:86:8989005401 7020575422496794 TH XUI-11483743
:86:NL75RABO0108820580
:86:06-10-2025 11:24 7020575422496794
:61:251006C129,75N100RABONL2U//2912801
:86:100 OVERSCHRIJVING VAN B.D. HOOGENRAAD EO W.J. VAN DE KRAATS
:86:8989020320 7020715719435825 EH XUI-46988651
:86:NL88RABO0365150703
:86:06-10-2025 11:28 7020715719435825
:61:251006C1365,25N100RABONL2U//2912802
:86:100 OVERSCHRIJVING VAN T.M. VAN VEELEN
:86:8989013027 7020016316376173 KV XUI-39210071
:86:NL19RABO0155711873
:86:06-10-2025 11:28 7020016316376173
:61:251006C10729,40N541GEBABEBB//2912803
:86:541 CREDIT TRANSACTIE VAN WORLDLINE
:86:R:7-81356438/146          VAN 01/10 TOT 01/10        BRT:0010831,
:86:40EUR C:00102,00
:86:BE39210096870619
:86:202510010145450
:61:251006C1781,59N541GEBABEBB//2912804
:86:541 CREDIT TRANSACTIE VAN WORLDLINE
:86:R:6-81993293/957  AFG:VI VAN 01/10 TOT 01/10         BRT:0001790,
:86:35EUR C:00008,76
:86:BE39210096870619
:86:202510010148616
:61:251006C1240,36N541INGBNL2A//2912805
:86:541 CREDIT TRANSACTIE VAN HR J ROMKES
:86:EERSTE AANBETALING: RESERVERINGSNUMMER: 2192420
:86:NL72INGB0675929644
:61:251006C141,40N100RABONL2U//2912806
:86:100 OVERSCHRIJVING VAN E.C. LANKWARDEN-VAN EWIJK EO H.B. LANKWARD
:86:8989033229 7020864819465963 HH XUI-16563377
:86:NL60RABO0327434406
:86:06-10-2025 11:34 7020864819465963
:61:251006C431,80N100RABONL2U//2912807
:86:100 OVERSCHRIJVING VAN M.J.P. VD VEERDONK EO A.G.J. VD VEERDONK-V
:86:8989050996 7020485137315699 MD XUI-42821880
:86:NL77RABO0143125370
:86:06-10-2025 11:41 7020485137315699
:61:251006C74,97N100RABONL2U//2912808
:86:100 OVERSCHRIJVING VAN E.J.M. LOEF EO Y.T.H.M. LOEF-SCHIPPER
:86:8989051522 7020176616435195 VM XUI-92381038
:86:NL97RABO0313644802
:86:06-10-2025 11:41 7020176616435195
:61:251006C32,85N100RABONL2U//2912809
:86:100 OVERSCHRIJVING VAN M.J.F. BUL EO J.A.J.C. KANT
:86:8989050936 7020246916346875 PZ XUI-31062523
:86:NL75RABO0174890869
:86:06-10-2025 11:41 7020246916346875
:61:251006C343,49N100RABONL2U//2912810
:86:100 OVERSCHRIJVING VAN R.P.J. KAAG EO C.M. KAAG-HUISMAN
:86:8989055770 7020644231465639 EH XUI-33822435
:86:NL68RABO0310008697
:86:06-10-2025 11:43 7020644231465639
:61:251006C204,40N100RABONL2U//2912811
:86:100 OVERSCHRIJVING VAN E.C. LANKWARDEN-VAN EWIJK EO H.B. LANKWARD
:86:8989074578 7020085719436740 HH XUI-16563377
:86:NL60RABO0327434406
:86:06-10-2025 11:49 7020085719436740
:61:251006C160,20N100RABONL2U//2912812
:86:100 OVERSCHRIJVING VAN J.H.M.M. KELDER EO M. KELDER-PULLEN
:86:8989077052 7020365434465345 HH XUI-51423489
:86:NL44RABO0384625312
:86:06-10-2025 11:51 7020365434465345
:61:251006C317,00N541INGBNL2A//2912813
:86:541 CREDIT TRANSACTIE VAN DE HEER P A E DE ROOIJ
:86:1434371
:86:NL65INGB0001531838
:61:251006C1608,51N541RABONL2UXXX//2912814
:86:541 CREDIT TRANSACTIE VAN J.N.M. LAAN EO M.E.A. STAVENUITER
:86:7687324
:86:NL60RABO0307628558
:61:251006C807,15N541BUKBGB22//2912816
:86:541 CREDIT TRANSACTIE VAN CLAIRE JULIET HARVEY
:86:5216116
:86:GB46BUKB20078250210293
:86:5216116 CP EU
:61:251006C482091,05N541PPLXLUL2//2912818
:86:541 CREDIT TRANSACTIE VAN PAYPAL EUROPE S.A.R.L. ET CIE S.C.A
:86:YYW1045301892608/PAYPAL
:86:LU89751000135104200E
:86:YYW1045301892608
:61:251006C574,63N100INGBNL2A//2912815
:86:100 OVERSCHRIJVING VAN R A C VAN DER HOEK E/O Y M VAN DER HOEK-VE
:86:8988862821 7020605437466857 SL
:86:NL39INGB0691058067
:86:06-10-2025 10:32 7020605437466857
:61:251006C45,62N100INGBNL2A//2912817
:86:100 OVERSCHRIJVING VAN MW R LALA,HR D RAMAUTAR
:86:8988775078 7020525737587700 PZ
:86:NL64INGB0754791467
:86:06-10-2025 09:57 7020525737587700
:61:251006C212,20N100RABONL2U//2912819
:86:100 OVERSCHRIJVING VAN P.H. KRUG EO E.S. KRUG- VAN HELLEMOND
:86:8989089896 7020416016315249 HH XUI-14325170
:86:NL27RABO0370470214
:86:06-10-2025 11:55 7020416016315249
:61:251006C283,22N100RABONL2U//2912820
:86:100 OVERSCHRIJVING VAN W.D. LOCK EO A. LOCK-VAN DIJK
:86:8989099375 7020014822587601 HE XUI-95131888
:86:NL90RABO0395004454
:86:06-10-2025 11:59 7020014822587601
:61:251006C75,00N100RABONL2U//2912821
:86:100 OVERSCHRIJVING VAN A.A. VAN OTTERDIJK
:86:8989102906 7020276334495531 MD XUI-68347328
:86:NL50RABO0314694994
:86:06-10-2025 12:00 7020276334495531
:61:251006C264,80N100INGBNL2A//2912826
:86:100 OVERSCHRIJVING VAN MW A P HEIDEMANS-VAN DER GRAAF
:86:8988813356 7020436022406089 SR
:86:NL37INGB0001294401
:86:06-10-2025 10:16 7020436022406089
:61:251006C496,99N100INGBNL2A//2912824
:86:100 OVERSCHRIJVING VAN HR G K J VAN BEMMEL
:86:8988842281 7020054216586359 EH
:86:NL91INGB0004199452
:86:06-10-2025 10:23 7020054216586359
:61:251006C293,74N100INGBNL2A//2912825
:86:100 OVERSCHRIJVING VAN MW A J M VAN WIJNBERGEN-TURK
:86:8988928665 7020156022557391 SL
:86:NL41INGB0008159504
:86:06-10-2025 10:56 7020156022557391
:61:251006C999,25N100INGBNL2A//2912822
:86:100 OVERSCHRIJVING VAN MW J KROOK-BROUWER
:86:8988803660 7020456010527334 MD
:86:NL73INGB0003706628
:86:06-10-2025 10:09 7020456010527334
:61:251006C426,20N100INGBNL2A//2912823
:86:100 OVERSCHRIJVING VAN MW EAD HOFMANN
:86:8988793950 7020064813317751 KV
:86:NL97INGB0750477962
:86:06-10-2025 10:07 7020064813317751
:61:251006C176,10N100RABONL2U//2912827
:86:100 OVERSCHRIJVING VAN R.J. SLOT EO M.D. VAN DER KLOET
:86:8989111971 7020174210405870 HH XUI-29152178
:86:NL13RABO0320211177
:86:06-10-2025 12:04 7020174210405870
:61:251006C81,50N100RABONL2U//2912828
:86:100 OVERSCHRIJVING VAN W.E.L. DE NIET-EIJSACKERS
:86:8989113689 7020014216587916 ZV XUI-11058616
:86:NL76RABO0332232999
:86:06-10-2025 12:05 7020014216587916
:61:251006C542,93N541INGBNL2A//2912829
:86:541 CREDIT TRANSACTIE VAN HR W F STOLTENBORG
:86:RES. NUMMER: 5600866
:86:NL40INGB0002397043
:61:251006C877,64N100RABONL2U//2912830
:86:100 OVERSCHRIJVING VAN W.J.M. DEKKERS EO M.A.W. HENDRICKX
:86:8989118392 7020085725437088 VM XUI-73515208
:86:NL86RABO0307825388
:86:06-10-2025 12:06 7020085725437088
:61:251006C250,00N541INGBNL2A//2912831
:86:541 CREDIT TRANSACTIE VAN HR JW VAN LOOIJENGOED,S RUIJSENBERG
:86:RESERVERINGSNUMMER. 6551979
:86:NL08INGB0004251386
:61:251006C21,00N100INGBNL2A//2912840
:86:100 OVERSCHRIJVING VAN HR A LEEUWENHOEK, A LEEUWENHOEK-HOOGENDOOR
:86:8988876282 7020446310525342 AR
:86:NL67INGB0005848108
:86:06-10-2025 10:36 7020446310525342
:61:251006C60,00N100INGBNL2A//2912832
:86:100 OVERSCHRIJVING VAN MW T WIJNSTRA
:86:8988924803 7020314537466686 EH
:86:NL57INGB0003420378
:86:06-10-2025 10:55 7020314537466686
:61:251006C744,60N100INGBNL2A//2912833
:86:100 OVERSCHRIJVING VAN HR WJ SCHOL,MW AAC SCHOL-VAN DER SCHE.
:86:8988890738 7020054516377766 LH
:86:NL71INGB0005360708
:86:06-10-2025 10:43 7020054516377766
:61:251006C572,85N100INGBNL2A//2912834
:86:100 OVERSCHRIJVING VAN MW J VISSER,HR RTJ VAN SCHAYK
:86:8988920503 7020916328556236 HA
:86:NL24INGB0113200625
:86:06-10-2025 10:55 7020916328556236
:61:251006C608,20N100INGBNL2A//2912835
:86:100 OVERSCHRIJVING VAN HR P P STIJNTJES EN MW A A T STIJNTJES-WIL
:86:8988770503 7020506610497808 MD
:86:NL20INGB0003393690
:86:06-10-2025 09:57 7020506610497808
:61:251006C59,00N100INGBNL2A//2912836
:86:100 OVERSCHRIJVING VAN MW T WIJNSTRA
:86:8988896017 7020236919405399 EH
:86:NL57INGB0003420378
:86:06-10-2025 10:45 7020236919405399
:61:251006C419,90N100INGBNL2A//2912837
:86:100 OVERSCHRIJVING VAN HR WPM KORINK
:86:8988890653 7020205716405855 LH
:86:NL11INGB0688584780
:86:06-10-2025 10:43 7020205716405855
:61:251006C51,00N100INGBNL2A//2912838
:86:100 OVERSCHRIJVING VAN HR AJ BOOIJ, MW MR VALKENBURG
:86:8988775195 7020494813466812 EH
:86:NL14INGB0793313880
:86:06-10-2025 09:58 7020494813466812
:61:251006C386,10N100INGBNL2A//2912839
:86:100 OVERSCHRIJVING VAN HR J KRAAK
:86:8988925851 7020005710527304 HH
:86:NL12INGB0674105281
:86:06-10-2025 10:56 7020005710527304
:61:251006C29,50N100INGBNL2A//2912841
:86:100 OVERSCHRIJVING VAN MW MJP ZUYDERWIJK
:86:8988884719 7020174528406260 KV
:86:NL18INGB0007712845
:86:06-10-2025 10:39 7020174528406260
:61:251006C476,00N100RABONL2U//2912842
:86:100 OVERSCHRIJVING VAN A.C.D. DE VRIES-LEEK
:86:8989125217 7020276619496395 TH XUI-45677465
:86:NL92RABO0119732289
:86:06-10-2025 12:09 7020276619496395
:61:251006C131,78N541ABNANL2A//2912843
:86:541 CREDIT TRANSACTIE VAN BRAS S
:86:6373597
:86:NL42ABNA0808248812
:61:251006C40,40N100RABONL2U//2912844
:86:100 OVERSCHRIJVING VAN C. CHAIGNEAU EO I. CHAIGNEAU-DE MAN
:86:8989138737 7020894825466941 KV XUI-47016263
:86:NL65RABO0336035500
:86:06-10-2025 12:15 7020894825466941
:61:251006C100,00N100RABONL2U//2912845
:86:100 OVERSCHRIJVING VAN H.M.W. BONNIE EO C.M. BONNIE-BECKERS
:86:8989140250 7020576331527697 ZV XUI-83880729
:86:NL21RABO0146009703
:86:06-10-2025 12:15 7020576331527697
:61:251006C1369,80N100RABONL2U//2912846
:86:100 OVERSCHRIJVING VAN H.J. DE JONG
:86:8989143295 7020326313407220 MD XUI-44094527
:86:NL04RABO0308094972
:86:06-10-2025 12:15 7020326313407220
:61:251006C123,00N100INGBNL2A//2912847
:86:100 OVERSCHRIJVING VAN HR AP MEIJER
:86:8988889614 7020235722466104 VM
:86:NL08INGB0008202487
:86:06-10-2025 10:42 7020235722466104
:61:251006C27,48N100RABONL2U//2912848
:86:100 OVERSCHRIJVING VAN W. BROERTJES EO E. BROERTJES-KILLE
:86:8989147879 7020244531465588 SL XUI-63608580
:86:NL32RABO0123007798
:86:06-10-2025 12:16 7020244531465588
:61:251006C376,92N541RABONL2UXXX//2912849
:86:541 CREDIT TRANSACTIE VAN JANSEN BLOKHUIZEN
:86:FACTUUR 2025.1266842/001 D.D. 01-10-2025
:86:NL27RABO0359133339
:61:251006C409,32N100RABONL2U//2912850
:86:100 OVERSCHRIJVING VAN L.G.M. VAN CRUGTEN EO J.A.J. BLOM
:86:8989153117 7020455731377628 VM XUI-99240593
:86:NL69RABO0184316758
:86:06-10-2025 12:19 7020455731377628
:61:251006C808,70N100RABONL2U//2912851
:86:100 OVERSCHRIJVING VAN A.A. BLOKLAND EO ERVEN M BLOKLAND-VAN DER 
:86:8989162228 7020926919407661 LH XUI-65457880
:86:NL83RABO0361328508
:86:06-10-2025 12:24 7020926919407661
:61:251006C140,00N100RABONL2U//2912852
:86:100 OVERSCHRIJVING VAN J.A. BREGMAN EO J.T. BREGMAN-VAN EIJK
:86:8989182084 7020486022497004 EH XUI-36450782
:86:NL25RABO0386840164
:86:06-10-2025 12:32 7020486022497004
:61:251006C389,16N100RABONL2U//2912853
:86:100 OVERSCHRIJVING VAN J.C.E. VAN GINNEKEN-VERWIJMEREN
:86:8989203632 7020435137405558 PZ XUI-42782433
:86:NL60RABO0159906385
:86:06-10-2025 12:39 7020435137405558
:61:251006C28,50N100RABONL2U//2912854
:86:100 OVERSCHRIJVING VAN J.J.H.F. KLINKERS
:86:8989203143 7020006910585051 HB XUI-12397492
:86:NL19RABO0122414101
:86:06-10-2025 12:38 7020006910585051
:61:251006C421,79N541RABONL2UXXX//2912855
:86:541 CREDIT TRANSACTIE VAN J.K. VAN GOG-BAKKER EO J.T. VAN GOG
:86:BOEKINGSNUMMER 5389708 1E TERMIJN
:86:NL04RABO0330252682
:61:251006C866,00N100RABONL2U//2912856
:86:100 OVERSCHRIJVING VAN Y.B. MAAT
:86:8989213361 7020136037316539 TH XUI-53095692
:86:NL20RABO0388957182
:86:06-10-2025 12:43 7020136037316539
:61:251006C226,80N100RABONL2U//2912857
:86:100 OVERSCHRIJVING VAN Y.J. VAN DE VEN
:86:8989212651 7020286628555474 KV XUI-42667741
:86:NL46RABO0309361230
:86:06-10-2025 12:44 7020286628555474
:61:251006C544,70N100RABONL2U//2912858
:86:100 OVERSCHRIJVING VAN S. HATIMI
:86:8989218362 7020446637405222 VN XUI-27769079
:86:NL28RABO0129278726
:86:06-10-2025 12:46 7020446637405222
:61:251006C300,00N541SNSBNL2A//2912859
:86:541 CREDIT TRANSACTIE VAN E. GERRITS
:86:6806865
:86:NL20SNSB0926485113
:61:251006C819,40N100RABONL2U//2912860
:86:100 OVERSCHRIJVING VAN ROLEI BEHEER B.V.
:86:8989227241 7020335128556833 MD XUI-10618428
:86:NL63RABO0348612168
:86:06-10-2025 12:49 7020335128556833
:61:251006C56,00N100RABONL2U//2912861
:86:100 OVERSCHRIJVING VAN E.D.R. JACOBS
:86:8989228622 7020644234526788 KV XUI-24791408
:86:NL26RABO0140608265
:86:06-10-2025 12:50 7020644234526788
:61:251006C602,88N100RABONL2U//2912862
:86:100 OVERSCHRIJVING VAN A.A. BOGERS EO J.R. GRUIJTERS
:86:8989234673 7020275437467181 EP XUI-72425341
:86:NL94RABO0371042860
:86:06-10-2025 12:53 7020275437467181
:61:251006C13,56N100RABONL2U//2912863
:86:100 OVERSCHRIJVING VAN C.H. VAN DE KLIFT EO P. VAN DE KLIFT-WITTI
:86:8989236827 7020336616316206 EH XUI-84656369
:86:NL97RABO0347246087
:86:06-10-2025 12:54 7020336616316206
:61:251006C724,80N100ABNANL2A//2912878
:86:100 OVERSCHRIJVING VAN GCP BUIJS CJ
:86:8988794491 7020014210557937 MD
:86:NL21ABNA0474511863
:86:06-10-2025 10:08 7020014210557937
:61:251006C1518,54N100ABNANL2A//2912879
:86:100 OVERSCHRIJVING VAN MMMH STEENBAKKERS CJ
:86:8988825599 7020224528586605 EH
:86:NL35ABNA0875434339
:86:06-10-2025 10:16 7020224528586605
:61:251006C50,00N100INGBNL2A//2912864
:86:100 OVERSCHRIJVING VAN MW T NOPPEN
:86:8989070990 7020365422556470 KV
:86:NL35INGB0106507621
:86:06-10-2025 11:49 7020365422556470
:61:251006C397,20N100INGBNL2A//2912865
:86:100 OVERSCHRIJVING VAN HR HPL VAN ESSEN,MW HJ VAN ESSEN-DUERINK
:86:8988992205 7020124513586731 HH
:86:NL14INGB0684294222
:86:06-10-2025 11:20 7020124513586731
:61:251006C1777,20N100INGBNL2A//2912866
:86:100 OVERSCHRIJVING VAN MW M MASSEE
:86:8989085991 7020065722407067 ZV
:86:NL58INGB0009478883
:86:06-10-2025 11:53 7020065722407067
:61:251006C65,00N100INGBNL2A//2912867
:86:100 OVERSCHRIJVING VAN HR M OLIJ
:86:8989056539 7020574519315483 NO
:86:NL43INGB0687562600
:86:06-10-2025 11:43 7020574519315483
:61:251006C692,80N100INGBNL2A//2912868
:86:100 OVERSCHRIJVING VAN MW L D WENSINK
:86:8989049256 7020285434495681 EH
:86:NL96INGB0009677049
:86:06-10-2025 11:40 7020285434495681
:61:251006C1792,12N100INGBNL2A//2912869
:86:100 OVERSCHRIJVING VAN HR M GROENEWEG
:86:8989034357 7020696634497847 VM
:86:NL92INGB0006682634
:86:06-10-2025 11:36 7020696634497847
:61:251006C65,00N100RBRBNL21//2912870
:86:100 OVERSCHRIJVING VAN P.A.T. KLEINTJENS E/O K.C.J. FRANSEN
:86:8988515265 7020195425375381 HB
:86:NL94RBRB0982021976
:86:2025-10-06T08:01 7020195425375381
:61:251006C170,00N100ABNANL2A//2912880
:86:100 OVERSCHRIJVING VAN L IJDO CJ
:86:8988896045 7020884534497805 HB
:86:NL66ABNA0110884825
:86:06-10-2025 10:45 7020884534497805
:61:251006C8,00N100INGBNL2A//2912871
:86:100 OVERSCHRIJVING VAN HR RE HADDERS,MW LM HESSELS
:86:8989034958 7020976019556935 TH
:86:NL06INGB0419861793
:86:06-10-2025 11:36 7020976019556935
:61:251006C265,33N100INGBNL2A//2912872
:86:100 OVERSCHRIJVING VAN HR T A M EMBREGTS
:86:8988999925 7020526919435051 EH
:86:NL71INGB0662381769
:86:06-10-2025 11:22 7020526919435051
:61:251006C32,75N100INGBNL2A//2912873
:86:100 OVERSCHRIJVING VAN HR JM VAN ECKEREN,MW W SCHUURMAN
:86:8989060438 7020056310526161 HH
:86:NL25INGB0005703849
:86:06-10-2025 11:45 7020056310526161
:61:251006C320,12N100INGBNL2A//2912874
:86:100 OVERSCHRIJVING VAN HR RA BESSELS, MW EL DONDERWINKEL
:86:8989046306 7020865719377253 EH
:86:NL96INGB0008744491
:86:06-10-2025 11:39 7020865719377253
:61:251006C559,00N100ABNANL2A//2912875
:86:100 OVERSCHRIJVING VAN RG HESKENS CJ
:86:8988906414 7020354813495012 TH
:86:NL63ABNA0465174469
:86:06-10-2025 10:49 7020354813495012
:61:251006C263,28N100ABNANL2A//2912876
:86:100 OVERSCHRIJVING VAN R SCHAMPERS CJ
:86:8988787294 7020974510496014 KV
:86:NL33ABNA0884665186
:86:06-10-2025 10:03 7020974510496014
:61:251006C367,60N100ABNANL2A//2912877
:86:100 OVERSCHRIJVING VAN HE BROUWER
:86:8988925989 7020325410525024 HB
:86:NL96ABNA0402514106
:86:06-10-2025 10:56 7020325410525024
:61:251006C507,60N100RABONL2U//2912881
:86:100 OVERSCHRIJVING VAN Y.G.P. VD.MEIJDEN
:86:8989249771 7020115131556068 MD XUI-64403849
:86:NL96RABO0116926201
:86:06-10-2025 12:59 7020115131556068
:61:251006C834,19N100RABONL2U//2912882
:86:100 OVERSCHRIJVING VAN N.J. SCHIPPER-TAMMINGA
:86:8989262089 7020586310405333 EH XUI-47129590
:86:NL19RABO0330259202
:86:06-10-2025 13:02 7020586310405333
:61:251006C1438,95N100RABONL2U//2912883
:86:100 OVERSCHRIJVING VAN H.WESTRA
:86:8989257654 7020235113555318 HH XUI-26062320
:86:NL83RABO0330803093
:86:06-10-2025 13:02 7020235113555318
:61:251006C565,10N100INGBNL2A//2912884
:86:100 OVERSCHRIJVING VAN HR RLWM DOFFERHOFF
:86:8989034300 7020676910586083 KV
:86:NL22INGB0701698691
:86:06-10-2025 11:35 7020676910586083
:61:251006C553,60N100INGBNL2A//2912885
:86:100 OVERSCHRIJVING VAN MW M A GALAN-KUZNIK
:86:8989071934 7020134522525117 LH
:86:NL07INGB0000923625
:86:06-10-2025 11:50 7020134522525117
:61:251006C2200,00N100INGBNL2A//2912886
:86:100 OVERSCHRIJVING VAN HR R DE BRUIJN
:86:8988965887 7020856931406722 TH
:86:NL91INGB0006491077
:86:06-10-2025 11:09 7020856931406722
:61:251006C383,60N541ABNANL2A//2912887
:86:541 CREDIT TRANSACTIE VAN LESLEY MANNIN ELSHOT
:86:BOEKINGSNUMMER 2724116
:86:NL62ABNA0489329233
:61:251006C363,00N541INGBNL2A//2912888
:86:541 CREDIT TRANSACTIE VAN HR J A AALBERTS EN MW G H AALBERTS-ARNO
:86:RES NR 7732281
:86:NL68INGB0002637099
:61:251006C169,00N541RABONL2UXXX//2912889
:86:541 CREDIT TRANSACTIE VAN W.G. VAN GILS EO R.N.A. VAN GILS-VAN VE
:86:BOEKINGSNR 2659304
:86:NL68RABO0148353541
:61:251006C768,75N100RABONL2U//2912890
:86:100 OVERSCHRIJVING VAN E. BLOMBERG EO L. BLOMBERG-LUBBERS
:86:8989276120 7020325119555855 HH XUI-27334945
:86:NL94RABO0141512342
:86:06-10-2025 13:09 7020325119555855
:61:251006C1532,88N541RABONL2UXXX//2912891
:86:541 CREDIT TRANSACTIE VAN W.P. BARENDREGT EO M. BARENDREGT-DEN BO
:86:6763765
:86:NL58RABO0323016383
:61:251006C483,44N100RABONL2U//2912892
:86:100 OVERSCHRIJVING VAN M.A.S. VREEBURG-GENZER EO R.J. VREEBURG
:86:8989284786 7020744531555417 KM XUI-32097778
:86:NL81RABO0103078363
:86:06-10-2025 13:12 7020744531555417
:61:251006C11,60N100RABONL2U//2912893
:86:100 OVERSCHRIJVING VAN Y.G.P. VD.MEIJDEN
:86:8989284737 7020234819585291 MD XUI-64403849
:86:NL96RABO0116926201
:86:06-10-2025 13:12 7020234819585291
:61:251006C286,10N100RABONL2U//2912894
:86:100 OVERSCHRIJVING VAN D. NOORDMAN JR.
:86:8989287145 7020184834557019 HH XUI-20884732
:86:NL67RABO0363607714
:86:06-10-2025 13:14 7020184834557019
:61:251006C278,00N100RABONL2U//2912895
:86:100 OVERSCHRIJVING VAN J.A.F. DOOMEN
:86:8989299588 7020416028495117 KV XUI-47081423
:86:NL09RABO0122561139
:86:06-10-2025 13:18 7020416028495117
:61:251006C619,32N100ABNANL2A//2912900
:86:100 OVERSCHRIJVING VAN KS VAN AARLE
:86:8988935191 7020544531557592 EH
:86:NL86ABNA0411178229
:86:06-10-2025 10:58 7020544531557592
:61:251006C993,08N100ABNANL2A//2912896
:86:100 OVERSCHRIJVING VAN J P BIZOT
:86:8989049205 7020295713316755 EH
:86:NL53ABNA0477891640
:86:06-10-2025 11:40 7020295713316755
:61:251006C958,68N100ABNANL2A//2912897
:86:100 OVERSCHRIJVING VAN E VAN IJZERLOO
:86:8988947257 7020686613495900 HH
:86:NL59ABNA0843384719
:86:06-10-2025 11:02 7020686613495900
:61:251006C732,00N100ABNANL2A//2912898
:86:100 OVERSCHRIJVING VAN A L J PLAISIER
:86:8989002524 7020615731556701 TH
:86:NL67ABNA0508396433
:86:06-10-2025 11:23 7020615731556701
:61:251006C294,70N100ABNANL2A//2912899
:86:100 OVERSCHRIJVING VAN R JOUSMA CJ
:86:8989082151 7020265410495708 LH
:86:NL05ABNA0522599125
:86:06-10-2025 11:52 7020265410495708
:61:251006C221,00N100RABONL2U//2912901
:86:100 OVERSCHRIJVING VAN J.A. NIJLAND EO A. NIJLAND-DE VRIES
:86:8989314066 7020114513405144 ZV XUI-63810291
:86:NL46RABO0310206197
:86:06-10-2025 13:24 7020114513405144
:61:251006C254,08N100RABONL2U//2912902
:86:100 OVERSCHRIJVING VAN E.G.A. JANSEN
:86:8989325684 7020984525497061 EP XUI-70932425
:86:NL30RABO0171582233
:86:06-10-2025 13:29 7020984525497061
:61:251006C339,40N541RABONL2UXXX//2912903
:86:541 CREDIT TRANSACTIE VAN J.J.M. OUWEHAND
:86:7832737
:86:NL35RABO0111866227
:61:251006C459,08N541ARSPBE22//2912906
:86:541 CREDIT TRANSACTIE VAN DORIEN DUPONCHEEL
:86:BNR. 3635322
:86:BE73979142741060
:61:251006C830,10N100ABNANL2A//2912904
:86:100 OVERSCHRIJVING VAN F HUO
:86:8989056551 7020015419555744 VM
:86:NL07ABNA0499018389
:86:06-10-2025 11:43 7020015419555744
:61:251006C149,60N100ABNANL2A//2912905
:86:100 OVERSCHRIJVING VAN J S VAN DER SLOOT
:86:8989076776 7020646313436239 LH
:86:NL64ABNA0616321015
:86:06-10-2025 11:50 7020646313436239
:61:251006C488,50N541ARSPBE22//2912907
:86:541 CREDIT TRANSACTIE VAN DUMAREY - DAVID
:86:RESERVEER NR 8530254
:86:BE74973047934707
:61:251006C444,14N541REVOGB21//2912908
:86:541 CREDIT TRANSACTIE VAN JUSTIN-PAUL BUSHEN
:86:SENT FROM REVOLUT
:86:GB50REVO00997043972186
:61:251006C356,38N100RABONL2U//2912909
:86:100 OVERSCHRIJVING VAN THR.B. HOOGZAAD
:86:8989336633 7020304522317937 VM XUI-99644723
:86:NL87RABO0152107487
:86:06-10-2025 13:35 7020304522317937
:61:251006C1640,95N100RABONL2U//2912910
:86:100 OVERSCHRIJVING VAN S. DE BRUIN
:86:8989349155 7020326919555408 HB XUI-67571278
:86:NL69RABO0129628255
:86:06-10-2025 13:38 7020326919555408
:61:251006C285,79N100RABONL2U//2912911
:86:100 OVERSCHRIJVING VAN D.A.E. VOS EO R.R. VAN WIJNEN
:86:8989377855 7020466010405693 PZ XUI-99305272
:86:NL68RABO0373316232
:86:06-10-2025 13:50 7020466010405693
:61:251006C2012,53N100RABONL2U//2912912
:86:100 OVERSCHRIJVING VAN R. HOFMAN EO G.M. HOFMAN-METER
:86:8989383102 7020004234407217 ZV XUI-71022402
:86:NL67RABO0351727736
:86:06-10-2025 13:53 7020004234407217
:61:251006C443,35N100RABONL2U//2912913
:86:100 OVERSCHRIJVING VAN K. VAN RAMSHORST EO K.A.J. LEEN
:86:8989384843 7020566622435816 HE XUI-82454760
:86:NL98RABO0349012342
:86:06-10-2025 13:53 7020566622435816
:61:251006C25,00N100INGBNL2A//2912918
:86:100 OVERSCHRIJVING VAN MW J MARECHAL
:86:8989210260 7020026328435693 EP
:86:NL36INGB0004083945
:86:06-10-2025 12:42 7020026328435693
:61:251006C1198,24N100INGBNL2A//2912919
:86:100 OVERSCHRIJVING VAN HR A J LEIJTEN EN/OF MW M KEEMINK
:86:8989199725 7020234537557739 HA
:86:NL15INGB0669022233
:86:06-10-2025 12:37 7020234537557739
:61:251006C1192,24N100INGBNL2A//2912920
:86:100 OVERSCHRIJVING VAN HR R KAPAAN, MW R PAK
:86:8989198234 7020126613527286 EH
:86:NL06INGB0008083116
:86:06-10-2025 12:38 7020126613527286
:61:251006C50,00N100INGBNL2A//2912921
:86:100 OVERSCHRIJVING VAN MW CHA RAIKE
:86:8989096460 7020046037587712 EP
:86:NL36INGB0673852261
:86:06-10-2025 11:59 7020046037587712
:61:251006C65,00N100INGBNL2A//2912914
:86:100 OVERSCHRIJVING VAN HR KA VAN DEHN, MW S VAN DEHN-BEKENKAMP
:86:8989163789 7020275719317193 KV
:86:NL94INGB0000507093
:86:06-10-2025 12:23 7020275719317193
:61:251006C1178,30N100INGBNL2A//2912915
:86:100 OVERSCHRIJVING VAN HR FA SMALS, MW J SMALS-STREMMELAAR
:86:8989112353 7020415719345774 SR
:86:NL12INGB0003766120
:86:06-10-2025 12:04 7020415719345774
:61:251006C465,68N100INGBNL2A//2912916
:86:100 OVERSCHRIJVING VAN MW SGM VAN GAAL
:86:8989214723 7020306337585375 EH
:86:NL67INGB0748805737
:86:06-10-2025 12:45 7020306337585375
:61:251006C216,50N100INGBNL2A//2912917
:86:100 OVERSCHRIJVING VAN MW P VAN TIENEN,HR P VOLDER
:86:8989216266 7020204828315819 EH
:86:NL36INGB0750055170
:86:06-10-2025 12:46 7020204828315819
:61:251006C220,80N100RABONL2U//2912922
:86:100 OVERSCHRIJVING VAN M. VAN DER VEGT
:86:8989393979 7020704822497934 KV XUI-88534842
:86:NL85RABO0127570306
:86:06-10-2025 13:57 7020704822497934
:61:251006C332,96N541RABONL2UXXX//2912923
:86:541 CREDIT TRANSACTIE VAN R.P.A. VAN HINTE EO M.P.C. VAN HINTE-BE
:86:RESERVERINGSNUMMER 2851279
:86:NL66RABO0101805217
:61:251006C206,80N100RABONL2U//2912924
:86:100 OVERSCHRIJVING VAN G. BEELEN EO R.H.J. PETERS
:86:8989406314 7020926910346314 LH XUI-12813888
:86:NL46RABO0304539651
:86:06-10-2025 14:03 7020926910346314
:61:251006C613,14N100INGBNL2A//2912932
:86:100 OVERSCHRIJVING VAN HR JA VAN DE BELT, MW S VAN DE BELT-VINK
:86:8989180101 7020516613407796 SL
:86:NL36INGB0006914599
:86:06-10-2025 12:30 7020516613407796
:61:251006C65,00N100INGBNL2A//2912925
:86:100 OVERSCHRIJVING VAN MW NP BOON
:86:8989206802 7020194834406407 ZV
:86:NL40INGB0004360226
:86:06-10-2025 12:41 7020194834406407
:61:251006C960,54N541WELADE3L//2912926
:86:541 CREDIT TRANSACTIE VAN RENATE AMMER
:86:8242101
:86:DE83476501300019130830
:61:251006C250,12N100INGBNL2A//2912927
:86:100 OVERSCHRIJVING VAN HR M DE WIT
:86:8989108984 7020424534555915 EH
:86:NL81INGB0671342061
:86:06-10-2025 12:02 7020424534555915
:61:251006C200,00N541NOLADE21NOS//2912928
:86:541 CREDIT TRANSACTIE VAN LUKAS KRUSE
:86:4796337
:86:DE95217500000165362559
:61:251006C100,00N541INGBNL2A//2912929
:86:541 CREDIT TRANSACTIE VAN E-WORKS
:86:2025.6008090/001
:86:NL79INGB0655728783
:86:SCT-1-25000066-R6
:61:251006C59,00N100INGBNL2A//2912930
:86:100 OVERSCHRIJVING VAN MW E REIJMERS
:86:8989187363 7020096928557802 BT
:86:NL05INGB0755821505
:86:06-10-2025 12:33 7020096928557802
:61:251006C99,00N100INGBNL2A//2912931
:86:100 OVERSCHRIJVING VAN HR B NIJMAN,MW LC EELINK
:86:8989164826 7020795431497712 HB
:86:NL42INGB0656378379
:86:06-10-2025 12:25 7020795431497712
:61:251006C597,80N541RABONL2UXXX//2912933
:86:541 CREDIT TRANSACTIE VAN W. TIMMER EO M.R. VAN OIJEN-TIMMER
:86:RESERVERINGSNUMMER 3994069
:86:NL73RABO0382371577
:61:251006C1058,90N541ABNANL2A//2912934
:86:541 CREDIT TRANSACTIE VAN G G J VAN BERGEN
:86:RESERVERINGSNUMMER: 3116167
:86:NL43ABNA0572312202
:61:251006C947,50N100RABONL2U//2912935
:86:100 OVERSCHRIJVING VAN I. LINNEMAN
:86:8989444259 7020766022525573 MD XUI-48280788
:86:NL40RABO0110449452
:86:06-10-2025 14:17 7020766022525573
:61:251006C357,10N541RABONL2UXXX//2912936
:86:541 CREDIT TRANSACTIE VAN L.F.H. VAN GORP EO H.J.C.M. VAN GORP-JA
:86:BOEKINGSNUMMER: 6301758
:86:NL03RABO0372294634
:61:251006C3483,40N100RABONL2U//2912937
:86:100 OVERSCHRIJVING VAN D.K. BERNDSEN-BRUGER
:86:8989453013 7020636934465933 AR XUI-45897956
:86:NL65RABO0359121500
:86:06-10-2025 14:19 7020636934465933
:61:251006C628,40N100RABONL2U//2912938
:86:100 OVERSCHRIJVING VAN C. WINTER EO R.G.S. VAN DEN BERG
:86:8989461495 7020084513495267 HH XUI-89621484
:86:NL13RABO0342814893
:86:06-10-2025 14:23 7020084513495267
:61:251006C735,36N541ABNANL2A//2912939
:86:541 CREDIT TRANSACTIE VAN B GILDEMEESTER CJ
:86:RESERVERINGSNUMMER: 7004713
:86:NL47ABNA0601177584
:61:251006C104,08N100RABONL2U//2912940
:86:100 OVERSCHRIJVING VAN J.W.M. VAN WEEREN EO G.A.M.VAN WEEREN-VAN 
:86:8989472385 7020596010525288 VM XUI-24066969
:86:NL66RABO0142220655
:86:06-10-2025 14:28 7020596010525288
:61:251006C856,50N100RABONL2U//2912941
:86:100 OVERSCHRIJVING VAN K.J.F.A. ROHN
:86:8989477495 7020526310437283 MD XUI-88490692
:86:NL68RABO0316591602
:86:06-10-2025 14:31 7020526310437283
:61:251006C346,80N100RABONL2U//2912943
:86:100 OVERSCHRIJVING VAN N.R.J.BAGGEN
:86:8989493640 7020645734376011 EP XUI-27760369
:86:NL16RABO0112957625
:86:06-10-2025 14:36 7020645734376011
:61:251006C481,32N100RABONL2U//2912942
:86:100 OVERSCHRIJVING VAN D. SCHOORSTRA-KEMPENAAR
:86:8989493605 7020066925525597 VM XUI-53735413
:86:NL71RABO0346108454
:86:06-10-2025 14:36 7020066925525597
:61:251006C414,89N100RABONL2U//2912944
:86:100 OVERSCHRIJVING VAN R. VAN DER POL
:86:8989495680 7020136337525861 SL XUI-31132195
:86:NL68RABO0126674817
:86:06-10-2025 14:37 7020136337525861
:61:251006C250,00N541RABONL2UXXX//2912945
:86:541 CREDIT TRANSACTIE VAN S.P.M. DE PREE-VD GIESEN
:86:6668110
:86:NL85RABO0132277425
:61:251006C1299,00N541ARSPBE22//2912946
:86:541 CREDIT TRANSACTIE VAN KEULEERS - VANBILLOEN
:86:VOORSCHOT HEIJDERBOS (RES.NR 5629752)
:86:BE81979534442824
:61:251006C739,20N100RABONL2U//2912947
:86:100 OVERSCHRIJVING VAN E.H.G. VAN TIEL
:86:8989518796 7020836334465072 KV XUI-88692795
:86:NL74RABO0306217732
:86:06-10-2025 14:47 7020836334465072
:61:251006C786,25N100RABONL2U//2912948
:86:100 OVERSCHRIJVING VAN MAATSCHAP HEMMER
:86:8989515246 7020114234435954 HH XUI-16731754
:86:NL33RABO0115700188
:86:06-10-2025 14:47 7020114234435954
:61:251006C2302,58N100ABNANL2A//2912953
:86:100 OVERSCHRIJVING VAN ANJER SCHOONMAAKDIENSTEN
:86:8989214626 7020555710436320 KV
:86:NL21ABNA0586244999
:86:06-10-2025 12:44 7020555710436320
:61:251006C824,58N100SNSBNL2A//2912949
:86:100 OVERSCHRIJVING VAN G.Y. DE VLAS E/O S.C.P. DE KONING
:86:8988813195 7020664228377289 SL
:86:NL28SNSB0853301476
:86:2025-10-06T10:12 7020664228377289
:61:251006C134,52N100ABNANL2A//2912950
:86:100 OVERSCHRIJVING VAN KRAMER SIMON W R CJ
:86:8989122165 7020066925467958 EH
:86:NL78ABNA0845492381
:86:06-10-2025 12:09 7020066925467958
:61:251006C276,60N100ABNANL2A//2912951
:86:100 OVERSCHRIJVING VAN A P C GEERKENS
:86:8989140160 7020184810525330 EP
:86:NL47ABNA0137173040
:86:06-10-2025 12:14 7020184810525330
:61:251006C86,00N100ABNANL2A//2912952
:86:100 OVERSCHRIJVING VAN L THIJSSING
:86:8989139339 7020294831525846 HH
:86:NL74ABNA0121631699
:86:06-10-2025 12:13 7020294831525846
:61:251006C148,20N100ABNANL2A//2912954
:86:100 OVERSCHRIJVING VAN K SIU CJ
:86:8989208735 7020635128497895 HB
:86:NL27ABNA0849289491
:86:06-10-2025 12:43 7020635128497895
:61:251006C63,75N100ABNANL2A//2912955
:86:100 OVERSCHRIJVING VAN AMC VD HAAR SPIERENBURG
:86:8989210280 7020305125377949 KV
:86:NL75ABNA0625029186
:86:06-10-2025 12:42 7020305125377949
:61:251006C827,12N100ABNANL2A//2912956
:86:100 OVERSCHRIJVING VAN CJ VAN DER HEIJDEN
:86:8989245424 7020014213465930 EH
:86:NL89ABNA0826117791
:86:06-10-2025 12:56 7020014213465930
:61:251006C1153,55N100ABNANL2A//2912957
:86:100 OVERSCHRIJVING VAN M RENSEN CJ
:86:8989244385 7020126916467895 BT
:86:NL59ABNA0412986698
:86:06-10-2025 12:56 7020126916467895
:61:251006C265,20N100ABNANL2A//2912958
:86:100 OVERSCHRIJVING VAN DE VAN DER SANDE CJ
:86:8989209941 7020925737435003 EP
:86:NL29ABNA0469789662
:86:06-10-2025 12:42 7020925737435003
:61:251006C30,00N100ABNANL2A//2912959
:86:100 OVERSCHRIJVING VAN RAMON PAS
:86:8989172249 7020886028407526 EH
:86:NL96ABNA0528406817
:86:06-10-2025 12:27 7020886028407526
:61:251006C57,00N100ABNANL2A//2912960
:86:100 OVERSCHRIJVING VAN HJ DE GRAAFF
:86:8989168800 7020895122557217 HB
:86:NL35ABNA0460354558
:86:06-10-2025 12:27 7020895122557217
:61:251006C2,00N100ABNANL2A//2912961
:86:100 OVERSCHRIJVING VAN R JOUSMA CJ
:86:8989180111 7020176916587259 LH
:86:NL05ABNA0522599125
:86:06-10-2025 12:30 7020176916587259
:61:251006C870,51N541KREDBEBB//2912962
:86:541 CREDIT TRANSACTIE VAN ROOSE LUT
:86:5005154
:86:BE12738012403692
:61:251006C766,86N100RABONL2U//2912963
:86:100 OVERSCHRIJVING VAN M.L. MEINETTEN
:86:8989549247 7020546928467865 LA XUI-19282716
:86:NL54RABO0380432889
:86:06-10-2025 14:59 7020546928467865
:61:251006C1418,20N100RABONL2U//2912964
:86:100 OVERSCHRIJVING VAN W. VAN BOSTELEN
:86:8989546755 7020074219555981 HB XUI-56582301
:86:NL27RABO0355941651
:86:06-10-2025 15:00 7020074219555981
:61:251006C98,55N100RABONL2U//2912965
:86:100 OVERSCHRIJVING VAN W.C. HOOGTEIJLING
:86:8989551810 7020686037586467 PZ XUI-41171495
:86:NL78RABO0381228924
:86:06-10-2025 15:02 7020686037586467
:61:251006C376,00N100RABONL2U//2912966
:86:100 OVERSCHRIJVING VAN M. DE JONGE EO Y. LEENDERS
:86:8989558527 7020115719556323 SL XUI-47872037
:86:NL29RABO0199475377
:86:06-10-2025 15:04 7020115719556323
:61:251006C448,20N100RABONL2U//2912967
:86:100 OVERSCHRIJVING VAN T.O. CLAESSENS EO J.A.B. CLAESSENS-V.D. HE
:86:8989557462 7020336937526326 HH XUI-55741321
:86:NL31RABO0153916672
:86:06-10-2025 15:05 7020336937526326
:61:251006C81,00N541INGBNL2A//2912968
:86:541 CREDIT TRANSACTIE VAN HR M A J SMULDERS EN/OF MW A SMULDERS-W
:86:RESERVERINGSNUMMER 9159891
:86:NL32INGB0689089384
:61:251006C52,20N541GEBABEBB//2912971
:86:541 CREDIT TRANSACTIE VAN MAERTENS-DUMOULIN
:86:BOEKING NR 1578840
:86:BE96001026600005
:61:251006C36,00N541HBUKGB4B//2912969
:86:541 CREDIT TRANSACTIE VAN MISS EMMA MICHELLE HIGGINS
:86:3364084
:86:GB92HBUK40443941326740
:86:RBV06105EAPK0I4G
:61:251006C497,00N541WELADEDN//2912970
:86:541 CREDIT TRANSACTIE VAN PETER BEITLER
:86:BOOKING NUMBER 2621200
:86:DE91305500000044841021
:61:251006C357,86N541ABNANL2A//2912972
:86:541 CREDIT TRANSACTIE VAN RG HOLTSLAG CJ
:86:RESERVERINGNUMMER 4842931
:86:NL18ABNA0460240307
:61:251006C424,11N541RABONL2UXXX//2912973
:86:541 CREDIT TRANSACTIE VAN G. WOERING EO M. WOERING-HOOGESTEGER
:86:CENTER PARCS RESERVERINGSNUMMER 7519765
:86:NL43RABO0349911843
:61:251006C633,00N100RABONL2U//2912974
:86:100 OVERSCHRIJVING VAN E. DARMEVEIL EO J.M. DARMEVEIL-VEENHUIZEN
:86:8989597238 7020926025527619 SR XUI-33916043
:86:NL68RABO0347227694
:86:06-10-2025 15:19 7020926025527619
:61:251006C490,32N100RABONL2U//2912975
:86:100 OVERSCHRIJVING VAN J.J. SCHEEL EO A.M. SCHEEL-MASSON
:86:8989590897 7020095737556170 PZ XUI-82616680
:86:NL74RABO0134620852
:86:06-10-2025 15:18 7020095737556170
:61:251006C664,50N541INGBNL2A//2912976
:86:541 CREDIT TRANSACTIE VAN HR GH DE GRAAF,MW N ROOIJERS
:86:RESERVERINGS NUMMER 1937790
:86:NL67INGB0004180096
:61:251006C371,20N541ABNANL2A//2912977
:86:541 CREDIT TRANSACTIE VAN RCH ALLART
:86:MIDWEEK FAM ALLART, MEERDAL RESERVERINGSNUMMER 7933915
:86:NL40ABNA0616007167
:61:251006C204,08N100RABONL2U//2912978
:86:100 OVERSCHRIJVING VAN C.H.J. HULTERS-VAN VLIET EO T. HULTERS
:86:8989597790 7020625731375951 EH XUI-45827664
:86:NL13RABO0323164730
:86:06-10-2025 15:23 7020625731375951
:61:251006C1016,76N541INGBNL2A//2912979
:86:541 CREDIT TRANSACTIE VAN HR GH DE GRAAF,MW N ROOIJERS
:86:RESERVERINGS NUMMER 7906448
:86:NL67INGB0004180096
:61:251006C817,68N541INGBNL2A//2912980
:86:541 CREDIT TRANSACTIE VAN MW SD BALADIEN
:86:836202 BALADIEN
:86:NL97INGB0700774289
:86:EERSTE AANBETALING
:61:251006C611,48N100RABONL2U//2912981
:86:100 OVERSCHRIJVING VAN R. BILDER-STALMAN EO H. BILDER
:86:8989611726 7020234831467058 SL XUI-51297249
:86:NL86RABO0374502412
:86:06-10-2025 15:26 7020234831467058
:61:251006C32,00N100RABONL2U//2912982
:86:100 OVERSCHRIJVING VAN I. VAN DER LAAN
:86:8989620707 7020496916377226 EH XUI-23259265
:86:NL34RABO0375203591
:86:06-10-2025 15:29 7020496916377226
:61:251006C169,55N100RABONL2U//2912983
:86:100 OVERSCHRIJVING VAN T. PAKVIS
:86:8989620016 7020446925435546 KV XUI-96446826
:86:NL80RABO0373225709
:86:06-10-2025 15:29 7020446925435546
:61:251006C351,98N100RABONL2U//2912984
:86:100 OVERSCHRIJVING VAN E. EIJNDHOVEN EO C.A. VAN DER HOEK
:86:8989626170 7020506016375258 EH XUI-16258692
:86:NL42RABO0115672672
:86:06-10-2025 15:32 7020506016375258
:61:251006C734,08N541SNSBNL2A//2912985
:86:541 CREDIT TRANSACTIE VAN M.E. VAN MUIJDEN
:86:AANBETALING RESERVERING 1619342 VAN MUIJDEN
:86:NL19SNSB0938576666
:61:251006C187,00N100INGBNL2A//2912987
:86:100 OVERSCHRIJVING VAN MW S A BEKKER-VAN BERKEL
:86:8989249688 7020496637435786 HB
:86:NL64INGB0004402280
:86:06-10-2025 12:58 7020496637435786
:61:251006C1000,00N100INGBNL2A//2912986
:86:100 OVERSCHRIJVING VAN MW MN VAN ZIJL-BOONEN
:86:8989350926 7020105122465840 TH
:86:NL19INGB0006427965
:86:06-10-2025 13:41 7020105122465840
:61:251006C458,60N100INGBNL2A//2912988
:86:100 OVERSCHRIJVING VAN HR TW PADMOS,MW LS HIRZMANN
:86:8989347708 7020795413526158 VN
:86:NL10INGB0671897209
:86:06-10-2025 13:40 7020795413526158
:61:251006C187,80N100ABNANL2A//2912989
:86:100 OVERSCHRIJVING VAN CA DE GRAAF
:86:8989294938 7020775116375777 HB
:86:NL81ABNA0511130902
:86:06-10-2025 13:16 7020775116375777
:61:251006C1076,50N100ABNANL2A//2912990
:86:100 OVERSCHRIJVING VAN C BIJDEVIER
:86:8989248446 7020674810556335 HB
:86:NL60ABNA0459636308
:86:06-10-2025 12:59 7020674810556335
:61:251006C304,90N100ABNANL2A//2912991
:86:100 OVERSCHRIJVING VAN J DE STERKE
:86:8989366466 7020044528496407 EH
:86:NL25ABNA0509459048
:86:06-10-2025 13:46 7020044528496407
:61:251006C410,10N100ABNANL2A//2912992
:86:100 OVERSCHRIJVING VAN SLT PIJPERS
:86:8989369252 7020835728525648 KV
:86:NL05ABNA0606407804
:86:06-10-2025 13:47 7020835728525648
:61:251006C784,20N100ABNANL2A//2912993
:86:100 OVERSCHRIJVING VAN PEREZ CORTES M D C
:86:8989330936 7020216937467934 ZV
:86:NL15ABNA0806571780
:86:06-10-2025 13:31 7020216937467934
:61:251006C2764,70N100ABNANL2A//2912994
:86:100 OVERSCHRIJVING VAN DJ WILSON CJ
:86:8989338643 7020265437497931 KV
:86:NL87ABNA0408847883
:86:06-10-2025 13:42 7020265437497931
:61:251006C732,24N100ABNANL2A//2912995
:86:100 OVERSCHRIJVING VAN M M E VEEN
:86:8989357476 7020644510316788 EH
:86:NL58ABNA0246231300
:86:06-10-2025 13:44 7020644510316788
:61:251006C51,00N100ABNANL2A//2912996
:86:100 OVERSCHRIJVING VAN MM ZOON
:86:8989302486 7020556016585924 SR
:86:NL37ABNA0601158849
:86:06-10-2025 13:20 7020556016585924
:61:251006C1155,28N100INGBNL2A//2912997
:86:100 OVERSCHRIJVING VAN MW LN VERNOOIJ, HR LJ VAN DER HARST
:86:8989393973 7020075713407889 SL
:86:NL15INGB0007583598
:86:06-10-2025 13:57 7020075713407889
:61:251006C564,84N100INGBNL2A//2912998
:86:100 OVERSCHRIJVING VAN LAJ VAN DE BURGT-SWINKELS,HR RAH VAN DE BU
:86:8989315661 7020385728346353 KM
:86:NL35INGB0798925728
:86:06-10-2025 13:26 7020385728346353
:61:251006C1041,00N100INGBNL2A//2912999
:86:100 OVERSCHRIJVING VAN HR N TEEGELAAR EN/OF MW M TEEGELAAR-VAN DE
:86:8989383063 7020375113527025 KV
:86:NL24INGB0007640472
:86:06-10-2025 13:53 7020375113527025
:61:251006C60,20N100INGBNL2A//2913000
:86:100 OVERSCHRIJVING VAN HR E A THIJSSEN EN/OF MW C M J THIJSSEN-TH
:86:8989297646 7020686034557526 LH
:86:NL55INGB0672929740
:86:06-10-2025 13:18 7020686034557526
:61:251006C375,10N100INGBNL2A//2913001
:86:100 OVERSCHRIJVING VAN MW A ROZENBEEK,HR R GROEN
:86:8989297513 7020404837496719 SR
:86:NL25INGB0005028632
:86:06-10-2025 13:18 7020404837496719
:61:251006C50,00N100INGBNL2A//2913002
:86:100 OVERSCHRIJVING VAN HR R P S WELTEVREDEN EN/OF MW A GULDEMEEST
:86:8989320290 7020916319375336 VM
:86:NL68INGB0657189219
:86:06-10-2025 13:27 7020916319375336
:61:251006C25,00N100INGBNL2A//2913003
:86:100 OVERSCHRIJVING VAN HR R P S WELTEVREDEN EN/OF MW A GULDEMEEST
:86:8989338902 7020216325437301 VM
:86:NL68INGB0657189219
:86:06-10-2025 13:35 7020216325437301
:61:251006C377,80N100INGBNL2A//2913004
:86:100 OVERSCHRIJVING VAN MW K JANSEN-HANEGRAAF, HR MJW JANSEN
:86:8989291122 7020156331405075 KM
:86:NL70INGB0748126295
:86:06-10-2025 13:15 7020156331405075
:61:251006C550,20N100ABNANL2A//2913005
:86:100 OVERSCHRIJVING VAN WJ BOGAARDS
:86:8989371592 7020516010586083 KV
:86:NL96ABNA0571236294
:86:06-10-2025 13:48 7020516010586083
:61:251006C111,40N100ABNANL2A//2913006
:86:100 OVERSCHRIJVING VAN JJ DE KRUIF- VAN LOENEN
:86:8989373123 7020774522525129 SR
:86:NL43ABNA0509850022
:86:06-10-2025 13:48 7020774522525129
:61:251006C59,00N100RABONL2U//2913007
:86:100 OVERSCHRIJVING VAN N. VAN DER MAAR EO L. DE ROOY
:86:8989632345 7020526028437892 EH XUI-97360446
:86:NL53RABO0141061448
:86:06-10-2025 15:34 7020526028437892
:61:251006C1271,30N100RABONL2U//2913008
:86:100 OVERSCHRIJVING VAN A.P.J. MORVAL- VAN DER LOO
:86:8989640041 7020205428495897 VN XUI-17753657
:86:NL16RABO0118137425
:86:06-10-2025 15:39 7020205428495897
:61:251006C1020,48N100RABONL2U//2913009
:86:100 OVERSCHRIJVING VAN ESTHER ALTENBURG
:86:8989648469 7020826610405657 EH XUI-54714418
:86:NL77RABO0311079512
:86:06-10-2025 15:43 7020826610405657
:61:251006C2002,00N100RABONL2U//2913010
:86:100 OVERSCHRIJVING VAN R.E. BAKKER EO A. BAKKER-OOSTERMAN
:86:8989649042 7020296313347037 ZV XUI-69526651
:86:NL31RABO0366379070
:86:06-10-2025 15:42 7020296313347037
:61:251006C1152,74N100RABONL2U//2913011
:86:100 OVERSCHRIJVING VAN D.J. HAGEN
:86:8989648406 7020395419377142 EH XUI-23336747
:86:NL26RABO0303041749
:86:06-10-2025 15:43 7020395419377142
:61:251006C27,50N100RABONL2U//2913012
:86:100 OVERSCHRIJVING VAN R.A.T. TONNISSEN EO W.H.M. DE WIJSE
:86:8989664589 7020654525375729 VM XUI-75453597
:86:NL66RABO0135747457
:86:06-10-2025 15:48 7020654525375729
:61:251006C764,80N100RABONL2U//2913013
:86:100 OVERSCHRIJVING VAN B.J.A. VERSTEIJNEN EO W.A.C. WITLOX
:86:8989681414 7020565134465372 EP XUI-75428147
:86:NL76RABO0144021765
:86:06-10-2025 15:56 7020565134465372
:61:251006C3480,00N100RABONL2U//2913014
:86:100 OVERSCHRIJVING VAN C. RUIJTERS
:86:8989674471 7020896025466233 EP XUI-95511827
:86:NL60RABO0107994992
:86:06-10-2025 15:54 7020896025466233
:61:251006C30,00N100RABONL2U//2913015
:86:100 OVERSCHRIJVING VAN E.J.M. DE WERDT
:86:8989682677 7020235722465243 LH XUI-66926828
:86:NL21RABO0136240445
:86:06-10-2025 15:55 7020235722465243
:61:251006C75,00N100INGBNL2A//2913016
:86:100 OVERSCHRIJVING VAN MW M ALTENA
:86:8989404211 7020196325527463 MD
:86:NL18INGB0008832419
:86:06-10-2025 14:02 7020196325527463
:61:251006C11,60N100INGBNL2A//2913029
:86:100 OVERSCHRIJVING VAN MW MLA WIELES
:86:8989460233 7020745710587814 LH
:86:NL48INGB0701315849
:86:06-10-2025 14:24 7020745710587814
:61:251006C9,40N100RBRBNL21//2913030
:86:100 OVERSCHRIJVING VAN M. VERZEIJL
:86:8988885024 7020236913316188 KV
:86:NL51RBRB0845392042
:86:2025-10-06T10:41 7020236913316188
:61:251006C478,50N100SNSBNL2A//2913031
:86:100 OVERSCHRIJVING VAN L. HAKVOORT E/O M. KORF
:86:8988915772 7020036019467031 EH
:86:NL73SNSB0939260417
:86:2025-10-06T10:51 7020036019467031
:61:251006C622,35N100INGBNL2A//2913032
:86:100 OVERSCHRIJVING VAN HR VF HARTEVELD
:86:8989518744 7020796931586749 HB
:86:NL66INGB0006943159
:86:06-10-2025 14:50 7020796931586749
:61:251006C161,40N100INGBNL2A//2913033
:86:100 OVERSCHRIJVING VAN HR M BOON,MW J ZUIDHOF
:86:8989415653 7020895719586125 HH
:86:NL94INGB0424539683
:86:06-10-2025 14:05 7020895719586125
:61:251006C59,00N100SNSBNL2A//2913034
:86:100 OVERSCHRIJVING VAN H.R. TEN DOLLE E/O W. TEN DOLLE-OUWERLING
:86:8988931957 7020264822467022 EH
:86:NL08SNSB0942124251
:86:2025-10-06T10:58 7020264822467022
:61:251006C670,20N100INGBNL2A//2913035
:86:100 OVERSCHRIJVING VAN MW EM GOOSSENS
:86:8989534074 7020695731316635 KV
:86:NL03INGB0756260175
:86:06-10-2025 14:53 7020695731316635
:61:251006C924,48N100ABNANL2A//2913036
:86:100 OVERSCHRIJVING VAN H WANG
:86:8989548103 7020506628465081 HE
:86:NL18ABNA0416664512
:86:06-10-2025 15:00 7020506628465081
:61:251006C786,40N100ABNANL2A//2913037
:86:100 OVERSCHRIJVING VAN VAN LOON MEDIA
:86:8989551377 7020315422405006 HH
:86:NL93ABNA0826349161
:86:06-10-2025 15:02 7020315422405006
:61:251006C15,00N100INGBNL2A//2913038
:86:100 OVERSCHRIJVING VAN MW WWJ CHRISTIAANS, HR CCG VAN DEN HAZELKA
:86:8989486766 7020305113556104 HH
:86:NL06INGB0666418624
:86:06-10-2025 14:35 7020305113556104
:61:251006C21,00N100ABNANL2A//2913017
:86:100 OVERSCHRIJVING VAN C GIUA
:86:8989397695 7020884825587892 TH
:86:NL26ABNA0409459305
:86:06-10-2025 13:58 7020884825587892
:61:251006C140,00N100INGBNL2A//2913018
:86:100 OVERSCHRIJVING VAN TEM VAN HUGTE, MW G BROUWERS
:86:8989460509 7020646016526953 EH
:86:NL96INGB0009349286
:86:06-10-2025 14:22 7020646016526953
:61:251006C33,00N100INGBNL2A//2913019
:86:100 OVERSCHRIJVING VAN HR JPP HENDRIKS,MW WWM HENDRIKS
:86:8989434753 7020364513465558 HH
:86:NL44INGB0709283113
:86:06-10-2025 14:13 7020364513465558
:61:251006C864,24N100INGBNL2A//2913020
:86:100 OVERSCHRIJVING VAN HR E SCHERINGA
:86:8989450093 7020644222435591 EH
:86:NL20INGB0001786497
:86:06-10-2025 14:20 7020644222435591
:61:251006C906,56N100INGBNL2A//2913021
:86:100 OVERSCHRIJVING VAN HR M LUCAS
:86:8989504933 7020774516497049 MD
:86:NL17INGB0688587097
:86:06-10-2025 14:41 7020774516497049
:61:251006C539,15N100INGBNL2A//2913022
:86:100 OVERSCHRIJVING VAN HR JC JASKI
:86:8989543968 7020515437467190 HH
:86:NL83INGB0009396177
:86:06-10-2025 14:58 7020515437467190
:61:251006C250,00N100INGBNL2A//2913023
:86:100 OVERSCHRIJVING VAN MW R WIEDENHOFF
:86:8989460142 7020174816317847 EH
:86:NL27INGB0003294042
:86:06-10-2025 14:23 7020174816317847
:61:251006C250,00N100INGBNL2A//2913024
:86:100 OVERSCHRIJVING VAN MW M DE RUIJTER
:86:8989457018 7020104519345747 HH
:86:NL97INGB0006550915
:86:06-10-2025 14:22 7020104519345747
:61:251006C250,00N100INGBNL2A//2913025
:86:100 OVERSCHRIJVING VAN MW EM BAGMEIJER
:86:8989454491 7020796937465681 HH
:86:NL70INGB0002535892
:86:06-10-2025 14:21 7020796937465681
:61:251006C28,50N100INGBNL2A//2913026
:86:100 OVERSCHRIJVING VAN MW MR MSC LEISTRA,HR RJ DEN HOLLANDER
:86:8989490126 7020586025435993 HH
:86:NL61INGB0003727505
:86:06-10-2025 14:36 7020586025435993
:61:251006C451,00N100INGBNL2A//2913027
:86:100 OVERSCHRIJVING VAN MW J DE BRUIN-DE WITH
:86:8989477391 7020344819586101 EH
:86:NL04INGB0008811040
:86:06-10-2025 14:29 7020344819586101
:61:251006C224,40N100INGBNL2A//2913028
:86:100 OVERSCHRIJVING VAN MW A DE VROOME
:86:8989545491 7020625731316761 LH
:86:NL26INGB0005370054
:86:06-10-2025 14:58 7020625731316761
:61:251006C1471,50N541RABONL2UXXX//2913039
:86:541 CREDIT TRANSACTIE VAN G. VAN DONGEN
:86:RES.7902345
:86:NL14RABO0355412071
:61:251006C664,42N100RABONL2U//2913040
:86:100 OVERSCHRIJVING VAN L. FOLKERS EO T.K. FOLKERS-OOSTERHUIS
:86:8989687002 7020745128436047 EH XUI-99920849
:86:NL69RABO0343511703
:86:06-10-2025 15:58 7020745128436047
:61:251006C1084,80N100RABONL2U//2913041
:86:100 OVERSCHRIJVING VAN G.H. HARSVELD EO J.M. HARSVELD-SLIJKHUIS
:86:8989684723 7020196019376833 EH XUI-60500353
:86:NL27RABO0127279865
:86:06-10-2025 15:57 7020196019376833
:61:251006C25,20N100RABONL2U//2913042
:86:100 OVERSCHRIJVING VAN J. VAN DAM
:86:8989689416 7020676334497589 HB XUI-24858628
:86:NL56RABO0395024854
:86:06-10-2025 15:58 7020676334497589
:61:251006C574,20N100RABONL2U//2913043
:86:100 OVERSCHRIJVING VAN G.C. VAN DRIEL EO P. ELLING
:86:8989689605 7020414834316116 VN XUI-23373742
:86:NL46RABO0326857508
:86:06-10-2025 16:00 7020414834316116
:61:251006C586,68N100RABONL2U//2913044
:86:100 OVERSCHRIJVING VAN M.H. MUNTER
:86:8989741254 7020396610557472 EH XUI-32106756
:86:NL06RABO0335323030
:86:06-10-2025 16:20 7020396610557472
:61:251006C800,80N100RABONL2U//2913045
:86:100 OVERSCHRIJVING VAN A.H.H. BROEKKAMP EO M.A. BROERS
:86:8989741998 7020324825377859 ZV XUI-91345047
:86:NL50RABO0129570591
:86:06-10-2025 16:19 7020324825377859
:61:251006C276,74N100RABONL2U//2913046
:86:100 OVERSCHRIJVING VAN M. MIDDELBURG
:86:8989745962 7020314816317265 PZ XUI-36467747
:86:NL37RABO0156607441
:86:06-10-2025 16:22 7020314816317265
:61:251006C28,00N100RABONL2U//2913047
:86:100 OVERSCHRIJVING VAN C.C.W.M. STUIFMEEL
:86:8989746935 7020706313466314 HH XUI-56903185
:86:NL90RABO0103495495
:86:06-10-2025 16:23 7020706313466314
:61:251006C481,60N541INGBNL2A//2913048
:86:541 CREDIT TRANSACTIE VAN MW A SZYMANSKI,HR LC VAN DEN BOOMGAARD
:86:8543766
:86:NL98INGB0630483124
:61:251006C984,14N100RABONL2U//2913049
:86:100 OVERSCHRIJVING VAN J. ROOSMA EN OF J. ROOSMA-HOEKSTRA
:86:8989753678 7020775113556491 EH XUI-58292838
:86:NL80RABO0304209821
:86:06-10-2025 16:26 7020775113556491
:61:251006C395,80N100RABONL2U//2913050
:86:100 OVERSCHRIJVING VAN S. KUIPERS
:86:8989758515 7020866310347550 HB XUI-99490198
:86:NL66RABO0128011610
:86:06-10-2025 16:27 7020866310347550
:61:251006C51,00N100RABONL2U//2913051
:86:100 OVERSCHRIJVING VAN E. VAN HARMELEN EO G.H.G. GERRITSEN
:86:8989766228 7020856937585159 HH XUI-92012941
:86:NL07RABO0308600967
:86:06-10-2025 16:31 7020856937585159
:61:251006C286,60N100RABONL2U//2913052
:86:100 OVERSCHRIJVING VAN C.M.J. BOSCHKER
:86:8989761684 7020566013347169 ZV XUI-72773317
:86:NL13RABO0166253359
:86:06-10-2025 16:28 7020566013347169
:61:251006C280,69N100RABONL2U//2913053
:86:100 OVERSCHRIJVING VAN J. BRAAD EO G.A. BRAAD-VAN DER PLOEG
:86:8989783772 7020324210525159 VM XUI-97875626
:86:NL66RABO0361217943
:86:06-10-2025 16:39 7020324210525159
:61:251006C356,74N100RABONL2U//2913054
:86:100 OVERSCHRIJVING VAN D.M.P.V. HEUTS
:86:8989784562 7020206916585735 BT XUI-29413426
:86:NL55RABO0102721483
:86:06-10-2025 16:40 7020206916585735
:61:251006C682,32N100RABONL2U//2913055
:86:100 OVERSCHRIJVING VAN L. KAMST
:86:8989795091 7020495713345597 SL XUI-36637899
:86:NL63RABO0360707971
:86:06-10-2025 16:43 7020495713345597
:61:251006C56,40N100RABONL2U//2913056
:86:100 OVERSCHRIJVING VAN W.W.M.M. KANTERS EO DRS. D. VAN DE KERKHOF
:86:8989796234 7020336031465552 HB XUI-16713851
:86:NL97RABO0114643385
:86:06-10-2025 16:44 7020336031465552
:61:251006C570,80N541SNSBNL2A//2913057
:86:541 CREDIT TRANSACTIE VAN M.M. KOOIJKER-KOOLE
:86:4685 028
:86:NL10SNSB0817133119
:61:251006C469,38N541RABONL2UXXX//2913058
:86:541 CREDIT TRANSACTIE VAN F.P. WIELEMAKER EO P. VAN LOON
:86:6436112
:86:NL71RABO0349382883
:61:251006C245,75N100INGBNL2A//2913067
:86:100 OVERSCHRIJVING VAN HR JJM BLEEKER,MW CGM BLEEKER-OUD
:86:8989609069 7020574837436878 EH
:86:NL39INGB0002539845
:86:06-10-2025 15:25 7020574837436878
:61:251006C1420,00N100INGBNL2A//2913059
:86:100 OVERSCHRIJVING VAN MW I G N L' ISTELLE
:86:8989593992 7020344531405948 NO
:86:NL95INGB0006476455
:86:06-10-2025 15:19 7020344531405948
:61:251006C258,20N100INGBNL2A//2913060
:86:100 OVERSCHRIJVING VAN MW R WALLE
:86:8989581019 7020566025467454 EP
:86:NL56INGB0006407123
:86:06-10-2025 15:14 7020566025467454
:61:251006C441,20N100INGBNL2A//2913061
:86:100 OVERSCHRIJVING VAN MW M L MOLENAAR-GEERLOF
:86:8989627644 7020555422347823 EP
:86:NL26INGB0002567336
:86:06-10-2025 15:34 7020555422347823
:61:251006C45,00N100ABNANL2A//2913062
:86:100 OVERSCHRIJVING VAN HAM BONNEVELD CJ
:86:8989601673 7020076322435228 KV
:86:NL56ABNA0246837586
:86:06-10-2025 15:21 7020076322435228
:61:251006C783,35N100INGBNL2A//2913063
:86:100 OVERSCHRIJVING VAN MW I VAN ZIJL,MW SHP BLEIJERVELD
:86:8989626097 7020635734527487 KV
:86:NL62INGB0391559192
:86:06-10-2025 15:32 7020635734527487
:61:251006C1458,32N100INGBNL2A//2913064
:86:100 OVERSCHRIJVING VAN MW C SCHMAAL
:86:8989598202 7020424813376371 EH
:86:NL56INGB0106697072
:86:06-10-2025 15:20 7020424813376371
:61:251006C38,00N100INGBNL2A//2913065
:86:100 OVERSCHRIJVING VAN MW S H M H VERSFELD
:86:8989557777 7020794510407874 HB
:86:NL36INGB0008439536
:86:06-10-2025 15:08 7020794510407874
:61:251006C518,00N100INGBNL2A//2913066
:86:100 OVERSCHRIJVING VAN MW DN DE WIT
:86:8989620134 7020894219375264 ZV
:86:NL81INGB0001220471
:86:06-10-2025 15:30 7020894219375264
:61:251006C659,40N100SNSBNL2A//2913075
:86:100 OVERSCHRIJVING VAN F.J.M. SCHRAVEN
:86:8989097097 7020586025317853 ZV
:86:NL71SNSB0866908056
:86:2025-10-06T12:01 7020586025317853
:61:251006C420,40N100INGBNL2A//2913068
:86:100 OVERSCHRIJVING VAN HR R IMHOF
:86:8989611488 7020356934526419 MD
:86:NL04INGB0006821667
:86:06-10-2025 15:25 7020356934526419
:61:251006C43,80N100INGBNL2A//2913069
:86:100 OVERSCHRIJVING VAN HR VA DE MEESTER,MW W OUBRIE
:86:8989584700 7020345137586884 LA
:86:NL05INGB0673536017
:86:06-10-2025 15:17 7020345137586884
:61:251006C221,08N100INGBNL2A//2913070
:86:100 OVERSCHRIJVING VAN MW JHM KASTELIJNS-DE LEEUW
:86:8989608527 7020096028586095 EH
:86:NL02INGB0003475009
:86:06-10-2025 15:26 7020096028586095
:61:251006C5,80N100ASNBNL21//2913071
:86:100 OVERSCHRIJVING VAN W.J.F. VAN BOEKEL E/O D.M. OORT
:86:8989150718 7020216616587916 MD
:86:NL21ASNB8844214113
:86:2025-10-06T12:19 7020216616587916
:61:251006C356,84N100RBRBNL21//2913072
:86:100 OVERSCHRIJVING VAN M. DRENTH E/O W.L. KLAVER
:86:8989139446 7020384531466500 AG
:86:NL70RBRB0918091454
:86:2025-10-06T12:14 7020384531466500
:61:251006C295,80N541CTBKBEBX//2913073
:86:541 CREDIT TRANSACTIE VAN MRS GABRIELA GONCALVES PORTO
:86:RESERVERINGSNUMMER 6189041
:86:BE24950215447338
:86:VZ52774FW5KJV801
:61:251006C20,50N100RBRBNL21//2913074
:86:100 OVERSCHRIJVING VAN L.H.S. JOOSTEN E/O P.M.S. BONGAERTS
:86:8989106686 7020476610407049 MD
:86:NL26RBRB8842753335
:86:2025-10-06T12:02 7020476610407049
:61:251006C250,00N541RABONL2UXXX//2913076
:86:541 CREDIT TRANSACTIE VAN C. TEN PAS
:86:2841005
:86:NL04RABO0304505390
:61:251006C1056,21N541SNSBNL2A//2913077
:86:541 CREDIT TRANSACTIE VAN J.P. DASSELAAR E/O K.A. DASSELAAR-HARTH
:86:RESERVERINGSNUMMER: 7087640
:86:NL18SNSB0944046126
:61:251006C2536,60N100RABONL2U//2913078
:86:100 OVERSCHRIJVING VAN M.F.J. GELENS EO T.M.C.A. MAAS
:86:8989831595 7020404219377760 MD XUI-57282554
:86:NL97RABO0154696625
:86:06-10-2025 17:00 7020404219377760
:61:251006C440,35N100RABONL2U//2913079
:86:100 OVERSCHRIJVING VAN P.M. WESTDORP EO A.C. DE KOSTER
:86:8989830376 7020475422315786 HB XUI-20375290
:86:NL70RABO0189526610
:86:06-10-2025 17:00 7020475422315786
:61:251006C594,85N100RABONL2U//2913080
:86:100 OVERSCHRIJVING VAN A. KORNET EO A.A.G. MEERMAN
:86:8989835709 7020436031375453 HH XUI-95641039
:86:NL18RABO0189729694
:86:06-10-2025 17:02 7020436031375453
:61:251006C331,44N541RABONL2UXXX//2913081
:86:541 CREDIT TRANSACTIE VAN C. TEN PAS
:86:2838420
:86:NL04RABO0304505390
:61:251006C2388,70N100RABONL2U//2913082
:86:100 OVERSCHRIJVING VAN VDL LANDBOUWMACHINES
:86:8989845207 7020525428467991 HH XUI-14316331
:86:NL38RABO0133591069
:86:06-10-2025 17:05 7020525428467991
:61:251006C310,40N100RABONL2U//2913083
:86:100 OVERSCHRIJVING VAN R. VAN DEN TOP EO W.K.L. POTT
:86:8989854340 7020366334375150 MD XUI-17078871
:86:NL92RABO0367951797
:86:06-10-2025 17:08 7020366334375150
:61:251006C798,34N541RABONL2UXXX//2913084
:86:541 CREDIT TRANSACTIE VAN Y.A.C. ZON-VAN DEN BRAKEL EO P.J.J. ZON
:86:NL07RABO0156183994
:61:251006C1821,23N100RABONL2U//2913085
:86:100 OVERSCHRIJVING VAN D.A. KALKMAN
:86:8989856888 7020076310437652 LA XUI-42159351
:86:NL58RABO0361957130
:86:06-10-2025 17:10 7020076310437652
:61:251006C42,00N100RABONL2U//2913086
:86:100 OVERSCHRIJVING VAN R.G.M.A. WIJNANDS EO J.G.J. BREMMERS
:86:8989856403 7020404522346800 KV XUI-72056054
:86:NL75RABO0125844565
:86:06-10-2025 17:11 7020404522346800
:61:251006C174,00N100RABONL2U//2913087
:86:100 OVERSCHRIJVING VAN A. KORNET EO A.A.G. MEERMAN
:86:8989863080 7020516013406638 HH XUI-95641039
:86:NL18RABO0189729694
:86:06-10-2025 17:13 7020516013406638
:61:251006C70,00N100RABONL2U//2913088
:86:100 OVERSCHRIJVING VAN C.M. VERKADE
:86:8989862386 7020736034587139 SR XUI-84585294
:86:NL78RABO0394914848
:86:06-10-2025 17:13 7020736034587139
:61:251006C453,31N100RABONL2U//2913089
:86:100 OVERSCHRIJVING VAN A.M.J. KAMP-VAN DER STEEN EO A. KAMP
:86:8989871468 7020326013346482 EH XUI-10769584
:86:NL37RABO0394310306
:86:06-10-2025 17:15 7020326013346482
:61:251006C540,70N100RABONL2U//2913090
:86:100 OVERSCHRIJVING VAN T.H.M. KUIJTEN EO I.C.M. KUIJTEN-KOOLEN
:86:8989867112 7020604528526737 HB XUI-87220022
:86:NL56RABO0110865197
:86:06-10-2025 17:14 7020604528526737
:61:251006C577,62N100RABONL2U//2913091
:86:100 OVERSCHRIJVING VAN S.M.D. VAN DER KLIS EO J. VAN EIJK
:86:8989875030 7020866937406653 HB XUI-97516596
:86:NL31RABO0308894154
:86:06-10-2025 17:16 7020866937406653
:61:251006C471,20N541RABONL2UXXX//2913092
:86:541 CREDIT TRANSACTIE VAN E.J. VAN HEUGTEN EO M.J.T. VAN HEUGTEN-
:86:BOEKINGSNUMMER 3815668
:86:NL33RABO0136005004
:61:251006C561,99N100RABONL2U//2913093
:86:100 OVERSCHRIJVING VAN M.A. WOLVERS-DE MUNCK
:86:8989878707 7020326016495015 SL XUI-98508735
:86:NL78RABO0326295399
:86:06-10-2025 17:19 7020326016495015
:61:251006C1235,22N100RABONL2U//2913094
:86:100 OVERSCHRIJVING VAN P.A. VERMEULEN EO H.A.A. VERMEULEN-MOOIJER
:86:8989882796 7020306616556479 MD XUI-72683896
:86:NL48RABO0315637773
:86:06-10-2025 17:21 7020306616556479
:61:251006C276,40N100RABONL2U//2913095
:86:100 OVERSCHRIJVING VAN J.B.E. MIDDELKOOP EO K. GROBBEN
:86:8989890041 7020406025435432 KV XUI-26560229
:86:NL11RABO0337603022
:86:06-10-2025 17:25 7020406025435432
:61:251006C402,80N100RABONL2U//2913096
:86:100 OVERSCHRIJVING VAN J.H.M. TEN BRINK EO M.J. TEN BRINK-STREEF
:86:8989897424 7020764834317586 HH XUI-40535284
:86:NL60RABO0388297638
:86:06-10-2025 17:28 7020764834317586
:61:251006C51,80N100RABONL2U//2913097
:86:100 OVERSCHRIJVING VAN J.B.E. MIDDELKOOP EO K. GROBBEN
:86:8989904583 7020406637467655 KV XUI-26560229
:86:NL11RABO0337603022
:86:06-10-2025 17:30 7020406637467655
:61:251006C224,48N100RABONL2U//2913098
:86:100 OVERSCHRIJVING VAN K. LIER
:86:8989906944 7020235719316287 KM XUI-98692393
:86:NL85RABO0305338714
:86:06-10-2025 17:31 7020235719316287
:61:251006C1006,03N100RABONL2U//2913099
:86:100 OVERSCHRIJVING VAN T. GEURINK EO M.A. VAN OMMEN
:86:8989916777 7020024810496395 EH XUI-26385076
:86:NL45RABO0393259943
:86:06-10-2025 17:35 7020024810496395
:61:251006C270,20N100RABONL2U//2913100
:86:100 OVERSCHRIJVING VAN A.C. WOLFS
:86:8989923982 7020554813317277 HH XUI-33328667
:86:NL49RABO0365517968
:86:06-10-2025 17:39 7020554813317277
:61:251006C732,90N100RABONL2U//2913101
:86:100 OVERSCHRIJVING VAN LA SCIMMIA YOGA B.V.
:86:8989923854 7020615425345489 KV XUI-59910104
:86:NL52RABO0184133637
:86:06-10-2025 17:39 7020615425345489
:61:251006C1147,56N100RABONL2U//2913102
:86:100 OVERSCHRIJVING VAN R.J. TEN WOLDE
:86:8989924017 7020976919525765 EH XUI-84647387
:86:NL12RABO0305537423
:86:06-10-2025 17:40 7020976919525765
:61:251006C321,04N541ABNANL2A//2913103
:86:541 CREDIT TRANSACTIE VAN SGH NUMANS
:86:BOEKING NUMMER 9312717 S NUMANS
:86:NL27ABNA0410245763
:61:251006C37,90N100RABONL2U//2913104
:86:100 OVERSCHRIJVING VAN LA SCIMMIA YOGA B.V.
:86:8989945859 7020355116557613 KV XUI-59910104
:86:NL52RABO0184133637
:86:06-10-2025 17:48 7020355116557613
:61:251006C207,96N100RABONL2U//2913105
:86:100 OVERSCHRIJVING VAN M.W.M.E. SCHEVELIER-HEIJMANS EO C.T.L. SCH
:86:8989952806 7020835413466128 EP XUI-15169041
:86:NL05RABO0177852569
:86:06-10-2025 17:51 7020835413466128
:61:251006C484,10N100RABONL2U//2913106
:86:100 OVERSCHRIJVING VAN D. ROODBEEN
:86:8989961601 7020886325435081 KV XUI-38328821
:86:NL23RABO0111733553
:86:06-10-2025 17:54 7020886325435081
:61:251006C907,52N541RABONL2UXXX//2913107
:86:541 CREDIT TRANSACTIE VAN CAFE CUSTWIJC
:86:5987320
:86:NL33RABO0398805261
:61:251006C564,30N100RABONL2U//2913108
:86:100 OVERSCHRIJVING VAN T.H.P. DE HAAS EO D.P.A. HOUKAMP
:86:8989966304 7020114219315624 MD XUI-57771747
:86:NL78RABO0309657571
:86:06-10-2025 17:57 7020114219315624
:61:251006C536,16N100RABONL2U//2913109
:86:100 OVERSCHRIJVING VAN LARS RAVEN
:86:8989966055 7020585719345072 VM XUI-49885926
:86:NL58RABO0151889953
:86:06-10-2025 17:58 7020585719345072
:61:251006C209,00N100RABONL2U//2913110
:86:100 OVERSCHRIJVING VAN M.G.C. SMEETS EO D. KITZEN
:86:8989969492 7020316613407445 LA XUI-45615430
:86:NL49RABO0170509168
:86:06-10-2025 17:59 7020316613407445
:61:251006C150,00N541RABONL2UXXX//2913111
:86:541 CREDIT TRANSACTIE VAN J.R. TOLKAMP EO P. TOLKAMP-OUDSEN
:86:BOEKINGSNUMMER: 3767265
:86:NL36RABO0371248574
:61:251006C443,26N100RABONL2U//2913112
:86:100 OVERSCHRIJVING VAN R.M. STOLWIJK EO N. STOLWIJK-OKKERSE
:86:8989971993 7020926919495324 HB XUI-99982573
:86:NL08RABO0354943669
:86:06-10-2025 18:00 7020926919495324
:61:251006C28,50N100RABONL2U//2913113
:86:100 OVERSCHRIJVING VAN F. ROOD EO M. ZANDSTRA
:86:8989980668 7020205713556614 HB XUI-79772444
:86:NL62RABO0125074328
:86:06-10-2025 18:03 7020205713556614
:61:251006C206,50N100RABONL2U//2913114
:86:100 OVERSCHRIJVING VAN H.A. ELFERINK EO G.G.J. ELFERINK-PRUIM
:86:8989981858 7020636622497943 HH XUI-64564266
:86:NL11RABO0127397329
:86:06-10-2025 18:05 7020636622497943
:61:251006C689,90N100RABONL2U//2913115
:86:100 OVERSCHRIJVING VAN G.P. VAN KRALINGEN EO T.P. VAN KRALINGEN-B
:86:8989986336 7020825125495522 MD XUI-26763542
:86:NL92RABO0347418449
:86:06-10-2025 18:05 7020825125495522
:61:251006C92,00N100RABONL2U//2913116
:86:100 OVERSCHRIJVING VAN J.A.P. BIERKENS
:86:8989991409 7020256616586038 VM XUI-79776348
:86:NL06RABO0159838681
:86:06-10-2025 18:08 7020256616586038
:61:251006C506,20N100RABONL2U//2913117
:86:100 OVERSCHRIJVING VAN M.M.H. VAN DEN BERGH EO I.E. VAN DEN BERGH
:86:8989988658 7020056619436074 HB XUI-16736536
:86:NL92RABO0348799535
:86:06-10-2025 18:08 7020056619436074
:61:251006C265,89N541SNSBNL2A//2913118
:86:541 CREDIT TRANSACTIE VAN D.A.M. HERBEN E/O M.J.I. JACOBS
:86:BOEKINGNUMMER 6469630
:86:NL56SNSB0874172462
:61:251006C673,20N100RABONL2U//2913119
:86:100 OVERSCHRIJVING VAN J.A.M. OONINCX EO E. BAGGEN
:86:8989995623 7020215737376449 ZV XUI-28994881
:86:NL17RABO0128470526
:86:06-10-2025 18:12 7020215737376449
:61:251006C25,00N100RABONL2U//2913120
:86:100 OVERSCHRIJVING VAN L.M.W. DE WIN EO L. SAARLOOS
:86:8990001546 7020214537346782 HH XUI-64641637
:86:NL32RABO0363774408
:86:06-10-2025 18:13 7020214537346782
:61:251006C758,10N100RABONL2U//2913121
:86:100 OVERSCHRIJVING VAN C.H.J. KAAK
:86:8990004902 7020284516406584 KV XUI-98505513
:86:NL24RABO0326681558
:86:06-10-2025 18:14 7020284516406584
:61:2510041006D200197,62N625RABONL2U//2913122
:86:625 INSTANT CREDIT NAAR CENTER PARCS EUROPE N.V.
:86:CPES100600014 CC300002343/300087233
:86:NL31RABO0300087233
:86:POYTCPE2025000003128
:61:251006D1831104,41N625RABONL2U//2913123
:86:625 INSTANT CREDIT NAAR CENTER PARCS EUROPE N.V.
:86:CPES100600016 CC300002343/300087233
:86:NL31RABO0300087233
:86:POYTCPE2025000003132
:61:2510031006D67924,70N625RABONL2U//2913124
:86:625 INSTANT CREDIT NAAR CENTER PARCS EUROPE N.V.
:86:CPES100600013 CC300002343/300087233
:86:NL31RABO0300087233
:86:POYTCPE2025000003126
:61:2510051006D272751,08N625RABONL2U//2913125
:86:625 INSTANT CREDIT NAAR CENTER PARCS EUROPE N.V.
:86:CPES100600015 CC300002343/300087233
:86:NL31RABO0300087233
:86:POYTCPE2025000003130
:61:251006C418,80N100RABONL2U//2913126
:86:100 OVERSCHRIJVING VAN C.G.M. GOOS EO S.F.C. MOELANDS
:86:8990006633 7020734516557571 EP XUI-10171795
:86:NL62RABO0175265232
:86:06-10-2025 18:15 7020734516557571
:61:251006C336,70N541INGBNL2A//2913127
:86:541 CREDIT TRANSACTIE VAN HR RH DE KRUIJF,MW EE DE KRUIJF-PHOELIC
:86:NL23INGB0007305452
:86:VERBLIJF 16-2 TM 20-2 2026
:61:251006C48,90N100RABONL2U//2913128
:86:100 OVERSCHRIJVING VAN W.J.M. BROEDERS EO A.E.A. BROEDERS-VAN DER
:86:8990013276 7020335113557097 ZV XUI-96763863
:86:NL48RABO0128686472
:86:06-10-2025 18:18 7020335113557097
:61:251006C1154,52N541ABNANL2A//2913129
:86:541 CREDIT TRANSACTIE VAN G HULSMAN
:86:2672229
:86:NL41ABNA0534535879
:61:251006C606,20N100RABONL2U//2913130
:86:100 OVERSCHRIJVING VAN O.M. VAN BERKEL EO M.P. SNIJDERS
:86:8990018104 7020186034556506 HB XUI-54069997
:86:NL71RABO0145033953
:86:06-10-2025 18:22 7020186034556506
:61:251006C575,00N100RABONL2U//2913131
:86:100 OVERSCHRIJVING VAN D. VISSCHER
:86:8990028493 7020086016315396 NO XUI-86769209
:86:NL73RABO0170763749
:86:06-10-2025 18:25 7020086016315396
:61:251006C297,65N100RABONL2U//2913132
:86:100 OVERSCHRIJVING VAN K.J.P. VAN BEECK EO L. VANDOORSSELAER
:86:8990031948 7020806916346305 HE XUI-45058638
:86:NL47RABO0148300278
:86:06-10-2025 18:27 7020806916346305
:61:251006C985,80N100RABONL2U//2913133
:86:100 OVERSCHRIJVING VAN I. LINNEMAN
:86:8990033347 7020395110555330 MD XUI-48280788
:86:NL40RABO0110449452
:86:06-10-2025 18:26 7020395110555330
:61:251006C257,12N100RABONL2U//2913134
:86:100 OVERSCHRIJVING VAN D. KELDER
:86:8990035788 7020765416525873 EH XUI-73523625
:86:NL63RABO0335363229
:86:06-10-2025 18:29 7020765416525873
:61:251006C392,40N100RABONL2U//2913135
:86:100 OVERSCHRIJVING VAN J.H.M. EIKHOLT EO M.J.A. EIKHOLT-LOUWS
:86:8990039290 7020384831407058 MD XUI-19907584
:86:NL84RABO0114006814
:86:06-10-2025 18:30 7020384831407058
:61:251006C574,70N100RABONL2U//2913136
:86:100 OVERSCHRIJVING VAN R.A.A. KERSTENS EO D.M.P. DIEPSTRATEN
:86:8990056636 7020306034497793 HB XUI-79435517
:86:NL44RABO0141164042
:86:06-10-2025 18:38 7020306034497793
:61:251006C1805,35N100RABONL2U//2913137
:86:100 OVERSCHRIJVING VAN L.P.C. NOUWEN EO S.H.H. VISSERS
:86:8990058059 7020796322556263 ZV XUI-89435067
:86:NL93RABO0341337986
:86:06-10-2025 18:39 7020796322556263
:61:251006C816,24N541RABONL2UXXX//2913138
:86:541 CREDIT TRANSACTIE VAN E. VAN DE GOEDE E.O. D.H. VD GOEDE-STEG
:86:BOEKINGSNUMMER 7539011
:86:NL07RABO0308321510
:61:251006C1091,65N100RABONL2U//2913139
:86:100 OVERSCHRIJVING VAN J.Q.A. KAPITEIN
:86:8990064621 7020076628435075 HH XUI-41935654
:86:NL96RABO0159901081
:86:06-10-2025 18:42 7020076628435075
:61:251006C584,40N100RABONL2U//2913140
:86:100 OVERSCHRIJVING VAN M.G.F. VAN DEN HEUVEL
:86:8990069434 7020015110585687 KM XUI-27959371
:86:NL58RABO0155207741
:86:06-10-2025 18:44 7020015110585687
:61:251006C767,80N100RABONL2U//2913141
:86:100 OVERSCHRIJVING VAN D.P.D. MOOYEKIND
:86:8990075798 7020035725435288 EH XUI-99602694
:86:NL50RABO0336531052
:86:06-10-2025 18:48 7020035725435288
:61:251006C449,16N100RABONL2U//2913142
:86:100 OVERSCHRIJVING VAN J.J.A. VEENEMA
:86:8990081301 7020006316437178 EH XUI-56639857
:86:NL19RABO0120814862
:86:06-10-2025 18:52 7020006316437178
:61:251006C407,65N100RABONL2U//2913143
:86:100 OVERSCHRIJVING VAN R. COEHOORN EO N.T. COEHOORN-LAMMERS
:86:8990087780 7020314813526575 HH XUI-24318462
:86:NL12RABO0328848948
:86:06-10-2025 18:54 7020314813526575
:61:251006C9,90N100RABONL2U//2913144
:86:100 OVERSCHRIJVING VAN H. VAN VEENSCHOTEN EO C. VAN DEN HOEK
:86:8990091384 7020236619465627 HH XUI-96773750
:86:NL21RABO0189007087
:86:06-10-2025 18:55 7020236619465627
:61:251006C473,42N100RABONL2U//2913145
:86:100 OVERSCHRIJVING VAN R. BIESHEUVEL EO L. BIESHEUVEL-TERPSTRA
:86:8990096854 7020075416406767 AR XUI-79176097
:86:NL02RABO0366880209
:86:06-10-2025 18:57 7020075416406767
:61:251006C317,76N541RABONL2UXXX//2913146
:86:541 CREDIT TRANSACTIE VAN T.M.N.W. GEILLEIT-GOOSSENS
:86:6739984
:86:NL54RABO0137468938
:61:251006C250,00N100RABONL2U//2913147
:86:100 OVERSCHRIJVING VAN K. WAANDERS
:86:8990105507 7020196919346593 HH XUI-60931706
:86:NL32RABO0354714414
:86:06-10-2025 19:02 7020196919346593
:61:251006C1384,80N100RABONL2U//2913148
:86:100 OVERSCHRIJVING VAN D. MARTIN
:86:8990103551 7020086631347802 MD XUI-79876199
:86:NL93RABO0132603977
:86:06-10-2025 19:02 7020086631347802
:61:251006C277,22N100RABONL2U//2913149
:86:100 OVERSCHRIJVING VAN L.E. KNIKKER
:86:8990112483 7020315419496053 AR XUI-51135733
:86:NL13RABO0348489005
:86:06-10-2025 19:05 7020315419496053
:61:251006C558,60N100RABONL2U//2913150
:86:100 OVERSCHRIJVING VAN M.J. MAYNARD
:86:8990120339 7020734825525234 SR XUI-73780083
:86:NL10RABO0199289867
:86:06-10-2025 19:08 7020734825525234
:61:251006C1279,00N100RABONL2U//2913151
:86:100 OVERSCHRIJVING VAN E.M. TOL
:86:8990128677 7020076337555216 TH XUI-48344102
:86:NL22RABO0385678061
:86:06-10-2025 19:13 7020076337555216
:61:251006C600,00N541INGBNL2A//2913152
:86:541 CREDIT TRANSACTIE VAN HR EGJC VAN DER PUTTEN,P VAN DER PUTTEN
:86:RESERVERINGSNUMMER7893721
:86:NL02INGB0005766828
:61:251006C998,79N100RABONL2U//2913153
:86:100 OVERSCHRIJVING VAN R.A.H. VAN ZEELAND
:86:8990132809 7020986634436128 EH XUI-81201302
:86:NL64RABO0103637583
:86:06-10-2025 19:14 7020986634436128
:61:251006C665,36N100RABONL2U//2913154
:86:100 OVERSCHRIJVING VAN A.G. VAN EGMOND-VAN ROOIJEN EO R. VAN EGMO
:86:8990138882 7020974831435084 EH XUI-67142465
:86:NL96RABO0112567118
:86:06-10-2025 19:17 7020974831435084
:61:251006C605,75N541INGBNL2A//2913155
:86:541 CREDIT TRANSACTIE VAN THE FIRM TECHNOLOGIES BV
:86:FAC 2025.6246823/003 DD 06-10-2025
:86:NL08INGB0007277786
:61:251006C393,10N100RABONL2U//2913156
:86:100 OVERSCHRIJVING VAN Y. BRUINEN DE BRUIN
:86:8990142162 7020554822585246 KV XUI-18356874
:86:NL71RABO0184544866
:86:06-10-2025 19:19 7020554822585246
:61:251006C638,50N100RABONL2U//2913157
:86:100 OVERSCHRIJVING VAN S. MAST EO A.A. WEBER
:86:8990144294 7020454531435456 HB XUI-97417106
:86:NL53RABO0326715665
:86:06-10-2025 19:21 7020454531435456
:61:251006C358,48N100RABONL2U//2913158
:86:100 OVERSCHRIJVING VAN J.H.M. WIJNHOVEN
:86:8990154714 7020165431345228 HE XUI-34468431
:86:NL80RABO0109208587
:86:06-10-2025 19:25 7020165431345228
:61:251006C2000,00N541RABONL2UXXX//2913159
:86:541 CREDIT TRANSACTIE VAN S. APPELMAN
:86:1078923
:86:NL80RABO0330691597
:61:251006C995,47N100RABONL2U//2913160
:86:100 OVERSCHRIJVING VAN R.P.F. MARTENS EO L. MARTENS-ARCIDIACONO
:86:8990157719 7020476334525639 VM XUI-47429351
:86:NL82RABO0120330571
:86:06-10-2025 19:27 7020476334525639
:61:251006C464,90N100RABONL2U//2913161
:86:100 OVERSCHRIJVING VAN P. LE GRANSE
:86:8990159856 7020776322466647 HB XUI-18995501
:86:NL91RABO0148645194
:86:06-10-2025 19:29 7020776322466647
:61:251006C304,10N100RABONL2U//2913162
:86:100 OVERSCHRIJVING VAN H. VAN KLAVEREN EO J. VAN KLAVEREN- SCHUDD
:86:8990160745 7020696310375129 HH XUI-60983162
:86:NL58RABO0328705918
:86:06-10-2025 19:29 7020696310375129
:61:251006C458,60N100RABONL2U//2913163
:86:100 OVERSCHRIJVING VAN N. VAN DER HEIDE
:86:8990166829 7020124513317256 EP XUI-22164038
:86:NL38RABO0362203482
:86:06-10-2025 19:32 7020124513317256
:61:251006C577,75N541RABONL2UXXX//2913164
:86:541 CREDIT TRANSACTIE VAN W. KETTING EO M. JANSEN
:86:8117538
:86:NL05RABO0313587191
:61:251006C139,00N541RABONL2UXXX//2913165
:86:541 CREDIT TRANSACTIE VAN J.G. DOLLEN EO J.W. DOLLEN-GERRITS
:86:RESERVERINGSNUMMER : 2431039
:86:NL97RABO0108487474
:61:251006C411,28N541ABNANL2A//2913166
:86:541 CREDIT TRANSACTIE VAN W RUIZENDAAL WEGERIF
:86:RESERVERING 963440
:86:NL97ABNA0629308527
:61:251006C83,00N100RABONL2U//2913167
:86:100 OVERSCHRIJVING VAN I.G. BASTEN EO J.J.J.B. SOMMERS
:86:8990180981 7020544810466392 TH XUI-81658667
:86:NL25RABO0358251451
:86:06-10-2025 19:40 7020544810466392
:61:251006C328,40N100RABONL2U//2913168
:86:100 OVERSCHRIJVING VAN E.W.J.M. SCHILDERS EO J.A.J.P. SCHILDERS-P
:86:8990181044 7020124519407652 KV XUI-55213699
:86:NL26RABO0153653698
:86:06-10-2025 19:41 7020124519407652
:61:251006C708,87N100RABONL2U//2913169
:86:100 OVERSCHRIJVING VAN M.W. VERHAGEN
:86:8990185717 7020604210495006 KV XUI-96780890
:86:NL08RABO0334214769
:86:06-10-2025 19:42 7020604210495006
:61:251006C100,00N100RABONL2U//2913170
:86:100 OVERSCHRIJVING VAN M. SENGERS
:86:8990184083 7020554228555051 VM XUI-34309341
:86:NL19RABO0105756873
:86:06-10-2025 19:43 7020554228555051
:61:251006C2387,50N100RABONL2U//2913171
:86:100 OVERSCHRIJVING VAN T.A.J.J. VAN DEN ELZEN
:86:8990188158 7020415125495690 KV XUI-74558693
:86:NL43RABO0325435057
:86:06-10-2025 19:44 7020415125495690
:61:251006C569,80N100RABONL2U//2913172
:86:100 OVERSCHRIJVING VAN M. KOOPMAN EO S. ADMIRAAL
:86:8990198420 7020024231466278 KV XUI-38190985
:86:NL32RABO0382343506
:86:06-10-2025 19:49 7020024231466278
:61:251006C525,34N100RABONL2U//2913173
:86:100 OVERSCHRIJVING VAN L.J.M. VAN DIJK EO B.M. BARTEN
:86:8990199301 7020096310525357 EH XUI-15275895
:86:NL24RABO0319276384
:86:06-10-2025 19:49 7020096310525357
:61:251006C1336,64N100RABONL2U//2913174
:86:100 OVERSCHRIJVING VAN M.C.L. GORTZEN EO M.A.M. RITZEN
:86:8990202309 7020956019555156 AG XUI-15121862
:86:NL83RABO0172480469
:86:06-10-2025 19:50 7020956019555156
:61:251006C300,00N100RABONL2U//2913175
:86:100 OVERSCHRIJVING VAN W.W.C. KOTTIER EO EAJH KOTTIER-VAN RAVESTE
:86:8990201178 7020325728587349 MD XUI-38251736
:86:NL92RABO0162621809
:86:06-10-2025 19:51 7020325728587349
:61:251006C499,30N541INGBNL2A//2913176
:86:541 CREDIT TRANSACTIE VAN HR P SLABBER,MW BAM SLABBER-FREREJEAN
:86:RESERVERINGSNUMMER 618146
:86:NL52INGB0672390086
:61:251006C283,75N100RABONL2U//2913177
:86:100 OVERSCHRIJVING VAN FRANKA HOOGVELD
:86:8990199306 7020045125586116 SR XUI-72856601
:86:NL65RABO0308817591
:86:06-10-2025 19:49 7020045125586116
:61:251006C334,40N541RABONL2UXXX//2913178
:86:541 CREDIT TRANSACTIE VAN J.A.M. MINKE-PITTERS EO A. MINKE
:86:O.V.V RESEVERINGSNR: 683112
:86:NL11RABO0166890103
:61:251006C675,90N100RABONL2U//2913179
:86:100 OVERSCHRIJVING VAN K.R. TJEPKEMA EN OF T. TJEPKEMA-VAN DEN BO
:86:8990214686 7020106616527646 HH XUI-44139881
:86:NL34RABO0349856133
:86:06-10-2025 19:57 7020106616527646
:61:251006C269,85N100RABONL2U//2913180
:86:100 OVERSCHRIJVING VAN M.K. VAN VLIET EO J.M. NORP
:86:8990219005 7020364537436242 LH XUI-10797441
:86:NL16RABO0393144356
:86:06-10-2025 19:59 7020364537436242
:61:251006C977,24N100RABONL2U//2913181
:86:100 OVERSCHRIJVING VAN B.G.P. NAVEST EO C.J. NAVEST-FOLMER
:86:8990219701 7020164525527181 HA XUI-50592973
:86:NL67RABO0316825875
:86:06-10-2025 20:01 7020164525527181
:61:251006C28,50N100RABONL2U//2913182
:86:100 OVERSCHRIJVING VAN W.M.C.M. SCHELLEKENS
:86:8990221813 7020706916495657 HB XUI-81958833
:86:NL26RABO0365296155
:86:06-10-2025 20:01 7020706916495657
:61:251006C58,50N100RABONL2U//2913183
:86:100 OVERSCHRIJVING VAN I.H.A.M. EVERAERTS EO B.J.H. VAN DEN CROMM
:86:8990226677 7020274816555033 HB XUI-39691041
:86:NL84RABO0142592811
:86:06-10-2025 20:04 7020274816555033
:61:251006C533,64N100RABONL2U//2913184
:86:100 OVERSCHRIJVING VAN L.P.C. MEIJER
:86:8990237622 7020705428316539 SL XUI-76543649
:86:NL47RABO0185222455
:86:06-10-2025 20:09 7020705428316539
:61:251006C341,86N100RABONL2U//2913185
:86:100 OVERSCHRIJVING VAN E.L. SCHUT
:86:8990243463 7020986028375435 VM XUI-49417358
:86:NL81RABO0367961792
:86:06-10-2025 20:11 7020986028375435
:61:251006C818,24N100RABONL2U//2913186
:86:100 OVERSCHRIJVING VAN F. SELEN BEHEER B.V.
:86:8990240198 7020974537407691 TF XUI-36882066
:86:NL56RABO0374386552
:86:06-10-2025 20:10 7020974537407691
:61:251006C858,34N100RABONL2U//2913187
:86:100 OVERSCHRIJVING VAN S.P.M. HOEVENAARS EO L.H.W. VAN HERPEN
:86:8990246585 7020216925527220 VM XUI-56313648
:86:NL95RABO0357614453
:86:06-10-2025 20:13 7020216925527220
:61:251006C45,00N100RABONL2U//2913188
:86:100 OVERSCHRIJVING VAN L.M.W. DE WIN EO L. SAARLOOS
:86:8990248073 7020136319315243 HH XUI-64641637
:86:NL32RABO0363774408
:86:06-10-2025 20:14 7020136319315243
:61:251006C977,65N100RABONL2U//2913189
:86:100 OVERSCHRIJVING VAN P.J. OPPENHUIZEN EO A.O.S. OPPENHUIZEN-TAN
:86:8990247613 7020706634465795 LH XUI-63349589
:86:NL12RABO0312976062
:86:06-10-2025 20:15 7020706634465795
:61:251006C538,80N100RABONL2U//2913190
:86:100 OVERSCHRIJVING VAN J.P. VREUGDENHIL EO J.W.M. VAN DER HOEVEN
:86:8990256081 7020946322406917 ZV XUI-63266638
:86:NL08RABO0300591950
:86:06-10-2025 20:17 7020946322406917
:61:251006C527,00N100RABONL2U//2913191
:86:100 OVERSCHRIJVING VAN K. JEURISSEN
:86:8990254813 7020036310435099 TH XUI-94188610
:86:NL87RABO0327915331
:86:06-10-2025 20:17 7020036310435099
:61:251006C38,24N541SNSBNL2A//2913192
:86:541 CREDIT TRANSACTIE VAN P.J. HOGENDOORN
:86:9055484
:86:NL49SNSB0873255453
:61:251006C16,00N100RABONL2U//2913193
:86:100 OVERSCHRIJVING VAN W.M.C.M. SCHELLEKENS
:86:8990260517 7020484834585555 HB XUI-81958833
:86:NL26RABO0365296155
:86:06-10-2025 20:20 7020484834585555
:61:251006C1245,45N100RABONL2U//2913194
:86:100 OVERSCHRIJVING VAN D.J.M.J. VAN GORP EO M.J.C.M. ERMEN
:86:8990258865 7020066634495831 KV XUI-54640008
:86:NL06RABO0306564858
:86:06-10-2025 20:21 7020066634495831
:61:251006C364,20N100RABONL2U//2913196
:86:100 OVERSCHRIJVING VAN W.W. VEENSTRA EO D.R. DIJKMEIJER
:86:8990262105 7020625137556809 SR XUI-29087303
:86:NL70RABO0154045756
:86:06-10-2025 20:21 7020625137556809
:61:251006C273,73N100RABONL2U//2913195
:86:100 OVERSCHRIJVING VAN MARJON VAN BIJSTERVELD
:86:8990263610 7020256937496383 PZ XUI-87873040
:86:NL30RABO0355493845
:86:06-10-2025 20:22 7020256937496383
:61:251006C1216,80N100RABONL2U//2913197
:86:100 OVERSCHRIJVING VAN R. HOOGEVEEN
:86:8990260284 7020986310585687 ZV XUI-41906274
:86:NL06RABO0138464537
:86:06-10-2025 20:22 7020986310585687
:61:251006C854,24N100RABONL2U//2913198
:86:100 OVERSCHRIJVING VAN J.G. BROUWER EO L. MOLEMAN
:86:8990264999 7020465434405384 HA XUI-12176632
:86:NL50RABO0325475768
:86:06-10-2025 20:24 7020465434405384
:61:251006C583,92N100RABONL2U//2913199
:86:100 OVERSCHRIJVING VAN C. DE REGT
:86:8990265466 7020256925556059 EH XUI-39128092
:86:NL32RABO0392488736
:86:06-10-2025 20:23 7020256925556059
:61:251006C1407,00N100RABONL2U//2913200
:86:100 OVERSCHRIJVING VAN B. SCHUTTER EO T.W. SCHUTTER
:86:8990267766 7020766931526425 ZV XUI-24398965
:86:NL43RABO0144434997
:86:06-10-2025 20:25 7020766931526425
:61:251006C907,68N100RABONL2U//2913201
:86:100 OVERSCHRIJVING VAN K.G.M. KONIJN
:86:8990272639 7020746019467757 EH XUI-64753194
:86:NL74RABO0363220364
:86:06-10-2025 20:28 7020746019467757
:61:251006C743,20N100RABONL2U//2913202
:86:100 OVERSCHRIJVING VAN ING. L.J.P. VAN SCHIJNDEL EO EJC V SCHIJND
:86:8990280120 7020916622316830 EP XUI-68768413
:86:NL43RABO0198208014
:86:06-10-2025 20:32 7020916622316830
:61:251006C903,96N100RABONL2U//2913203
:86:100 OVERSCHRIJVING VAN C.L. VOS JR. EO S.M.A.J. OORD
:86:8990282450 7020375728587850 SL XUI-57223029
:86:NL53RABO0346311799
:86:06-10-2025 20:33 7020375728587850
:61:251006C654,25N100RABONL2U//2913204
:86:100 OVERSCHRIJVING VAN A.A. VAN DER LAAK EO J.J.M. VAN BALKOM
:86:8990281250 7020365722557652 HE XUI-34900998
:86:NL81RABO0311095445
:86:06-10-2025 20:33 7020365722557652
:61:251006C820,40N100RABONL2U//2913205
:86:100 OVERSCHRIJVING VAN E.L. SIPMA-VAN CALKER
:86:8990284947 7020744225557127 KV XUI-43732231
:86:NL65RABO0304959901
:86:06-10-2025 20:34 7020744225557127
:61:251006C706,80N100RABONL2U//2913206
:86:100 OVERSCHRIJVING VAN M.D. GELTON
:86:8990289175 7020226937496761 HB XUI-91116775
:86:NL67RABO0332651037
:86:06-10-2025 20:37 7020226937496761
:61:251006C899,19N541SNSBNL2A//2913207
:86:541 CREDIT TRANSACTIE VAN C.F.J.M. WITHAGEN
:86:RESERVERINGSNUMMER: 7613294
:86:NL64SNSB0915712180
:61:251006C319,00N100RABONL2U//2913208
:86:100 OVERSCHRIJVING VAN R.J.W. SMITS EO M.H.C. SMITS-GEURTS
:86:8990294039 7020016613497877 BK XUI-10036976
:86:NL49RABO0136074944
:86:06-10-2025 20:39 7020016613497877
:61:251006C199,00N100RABONL2U//2913209
:86:100 OVERSCHRIJVING VAN L. VAN LOON EO N.D. SMIT
:86:8990293875 7020676037375513 VM XUI-28262063
:86:NL91RABO0130677884
:86:06-10-2025 20:39 7020676037375513
:61:251006C1156,16N100RABONL2U//2913210
:86:100 OVERSCHRIJVING VAN M. VAN THIENEN EO C. VAN THIENEN-ROOZEN
:86:8990296965 7020406631406485 AG XUI-57154498
:86:NL11RABO0395683130
:86:06-10-2025 20:41 7020406631406485
:61:251006C802,30N100RABONL2U//2913211
:86:100 OVERSCHRIJVING VAN S. OOSTERHOFF
:86:8990300881 7020716916435282 HH XUI-10293930
:86:NL41RABO0335254888
:86:06-10-2025 20:42 7020716916435282
:61:251006C966,24N100RABONL2U//2913212
:86:100 OVERSCHRIJVING VAN B. DE NOOYER
:86:8990297062 7020864819377919 EH XUI-48364223
:86:NL22RABO0139419020
:86:06-10-2025 20:41 7020864819377919
:61:251006C862,11N541RABONL2UXXX//2913213
:86:541 CREDIT TRANSACTIE VAN T.W. OOSTERBAAN EO S.J. OOSTERBAAN-MIED
:86:RESERVERINGSNUMMER 7719191
:86:NL25RABO0371937957
:61:251006C546,66N100RABONL2U//2913214
:86:100 OVERSCHRIJVING VAN J. DE JONGE EO M.R. RIJNBERG
:86:8990300738 7020866637375276 AR XUI-51345768
:86:NL83RABO0321698576
:86:06-10-2025 20:43 7020866637375276
:61:251006C1315,84N100RABONL2U//2913215
:86:100 OVERSCHRIJVING VAN F.W. TORREMAN
:86:8990301532 7020515728317364 AR XUI-64646896
:86:NL97RABO0367987694
:86:06-10-2025 20:44 7020515728317364
:61:251006C761,15N100RABONL2U//2913216
:86:100 OVERSCHRIJVING VAN A.P.J. LARSSON EO M.J.L. VAN KOPPEN
:86:8990300711 7020465425556476 KV XUI-41656545
:86:NL68RABO0123011612
:86:06-10-2025 20:43 7020465425556476
:61:251006C313,00N541INGBNL2A//2913217
:86:541 CREDIT TRANSACTIE VAN MW K VAN RIJN EN/OF HR M C J VAN HEEMST
:86:RESERVERINGSNUMMER 391979 TNV K. VAN HEEMSTEDE OBELT
:86:NL51INGB0005718901
:61:251006C1388,00N100RABONL2U//2913218
:86:100 OVERSCHRIJVING VAN C. SCHURING-HARING
:86:8990302806 7020106025557532 TH XUI-56261348
:86:NL05RABO0307417409
:86:06-10-2025 20:45 7020106025557532
:61:251006C6,87N100RABONL2U//2913219
:86:100 OVERSCHRIJVING VAN H.O. BOSMA EO S.M. BOSMA-VENEMA
:86:8990311015 7020534522317262 SL XUI-36972053
:86:NL03RABO0326166769
:86:06-10-2025 20:48 7020534522317262
:61:251006C1287,10N100RABONL2U//2913220
:86:100 OVERSCHRIJVING VAN D. ELEMA
:86:8990310504 7020746616587838 HH XUI-34219095
:86:NL40RABO0134266056
:86:06-10-2025 20:48 7020746616587838
:61:251006C842,80N100RABONL2U//2913221
:86:100 OVERSCHRIJVING VAN Q.D. VAN VLIET EO R.J.F. VAN DER WIJST
:86:8990315037 7020335131435132 HB XUI-10155930
:86:NL96RABO0352129182
:86:06-10-2025 20:49 7020335131435132
:61:251006C566,80N100RABONL2U//2913222
:86:100 OVERSCHRIJVING VAN J. VOSSEN
:86:8990318021 7020375131526647 EH XUI-53370367
:86:NL06RABO0316271551
:86:06-10-2025 20:51 7020375131526647
:61:251006C14,00N100RABONL2U//2913223
:86:100 OVERSCHRIJVING VAN T. LIVESTRO
:86:8990318502 7020046934497985 EH XUI-89220266
:86:NL98RABO0347840485
:86:06-10-2025 20:52 7020046934497985
:61:251006C510,35N100RABONL2U//2913224
:86:100 OVERSCHRIJVING VAN J.P. KEIZER EO A.M. KEIZER-HOEFSLOOT
:86:8990323983 7020104513465624 BS XUI-58471166
:86:NL45RABO0321100964
:86:06-10-2025 20:54 7020104513465624
:61:251006C250,00N100RABONL2U//2913225
:86:100 OVERSCHRIJVING VAN N.M. VAN BEZOUW-STRENG
:86:8990323486 7020685431436890 HH XUI-41988142
:86:NL80RABO0300315562
:86:06-10-2025 20:54 7020685431436890
:61:251006C134,00N100RABONL2U//2913226
:86:100 OVERSCHRIJVING VAN J.N. LANDMETER
:86:8990326968 7020254234466059 HH XUI-31429319
:86:NL82RABO0306410230
:86:06-10-2025 20:56 7020254234466059
:61:251006C665,96N100RABONL2U//2913227
:86:100 OVERSCHRIJVING VAN R.E.K.E. BOSCH EO J. BOSCH-SCHOP
:86:8990326352 7020685713345480 HE XUI-62031457
:86:NL91RABO0125291280
:86:06-10-2025 20:55 7020685713345480
:61:251006C11,60N100RABONL2U//2913228
:86:100 OVERSCHRIJVING VAN F.B. ROUWENHORST EO ML ROUWENHORST- LONKHU
:86:8990327945 7020266922406236 LH XUI-35198479
:86:NL83RABO0359047165
:86:06-10-2025 20:58 7020266922406236
:61:251006C491,66N100RABONL2U//2913229
:86:100 OVERSCHRIJVING VAN E. VAN DEN ELZEN
:86:8990335265 7020945725555342 KM XUI-96513133
:86:NL67RABO0162598106
:86:06-10-2025 21:01 7020945725555342
:61:251006C63,75N100RABONL2U//2913230
:86:100 OVERSCHRIJVING VAN J.P. KEIZER EO A.M. KEIZER-HOEFSLOOT
:86:8990335445 7020166919496047 BS XUI-58471166
:86:NL45RABO0321100964
:86:06-10-2025 21:02 7020166919496047
:61:251006C546,32N100RABONL2U//2913231
:86:100 OVERSCHRIJVING VAN A.W.A. VAN ZUNDERT EO J.E.A.M. DAMEN
:86:8990335365 7020024222555996 OD XUI-42689817
:86:NL95RABO0142479802
:86:06-10-2025 21:02 7020024222555996
:61:251006C801,00N541INGBNL2A//2913232
:86:541 CREDIT TRANSACTIE VAN MW H H G H TIMMER-VRINZEN
:86:RESERVERINGSNUMMER 1476516 FAM. TIMMER
:86:NL92INGB0002622408
:61:251006C100,00N541DEUTDEDB403//2913233
:86:541 CREDIT TRANSACTIE VAN STEFANIE BISCHOFF
:86:2118225 STEFANIE BISCHOFF
:86:DE28403700240392796900
:61:251006C497,61N100RABONL2U//2913235
:86:100 OVERSCHRIJVING VAN J.M.A. HENDRIKS EO M.M.G. HENDRICKS
:86:8990343699 7020056628557850 HE XUI-31202113
:86:NL32RABO0351779000
:86:06-10-2025 21:07 7020056628557850
:61:251006C481,10N100RABONL2U//2913234
:86:100 OVERSCHRIJVING VAN M.M.E. VAN VELSEN EO M. ADEMA
:86:8990345530 7020675725317988 ZV XUI-83474466
:86:NL16RABO0125257031
:86:06-10-2025 21:07 7020675725317988
:61:251006C372,80N100RABONL2U//2913236
:86:100 OVERSCHRIJVING VAN Y.C. DE JONGE
:86:8990345708 7020346622375303 ZV XUI-23536144
:86:NL12RABO0152354441
:86:06-10-2025 21:08 7020346622375303
:61:251006C65,00N100RABONL2U//2913237
:86:100 OVERSCHRIJVING VAN M.M. STEENBEEK
:86:8990348134 7020525710495159 EH XUI-17553870
:86:NL51RABO0123190495
:86:06-10-2025 21:09 7020525710495159
:61:251006C365,55N100RABONL2U//2913238
:86:100 OVERSCHRIJVING VAN P. VAN DUIJVENBODE
:86:8990355813 7020404531496134 KV XUI-73569714
:86:NL47RABO0312372868
:86:06-10-2025 21:12 7020404531496134
:61:251006C65,00N100RABONL2U//2913239
:86:100 OVERSCHRIJVING VAN M.C. GROENEVELD
:86:8990356929 7020556613435087 KV XUI-33427585
:86:NL20RABO0304603848
:86:06-10-2025 21:14 7020556613435087
:61:251006C387,90N100RABONL2U//2913240
:86:100 OVERSCHRIJVING VAN S. QUERFURTH
:86:8990361864 7020104816586680 PZ XUI-10033642
:86:NL78RABO0358223725
:86:06-10-2025 21:17 7020104816586680
:61:251006C250,00N100RABONL2U//2913241
:86:100 OVERSCHRIJVING VAN E. VAN HEESWIJK
:86:8990363765 7020405131407961 MD XUI-67167412
:86:NL65RABO0171599160
:86:06-10-2025 21:17 7020405131407961
:61:251006C1936,72N100RABONL2U//2913242
:86:100 OVERSCHRIJVING VAN J. HAMSTRA
:86:8990366019 7020764531346656 EH XUI-48941878
:86:NL04RABO0349852502
:86:06-10-2025 21:19 7020764531346656
:61:251006C442,22N100RABONL2U//2913243
:86:100 OVERSCHRIJVING VAN P.M.R. VAN HEES EO M.E.C. VAN HEES-RUSSING
:86:8990368832 7020354213556668 AR XUI-37884943
:86:NL66RABO0184534577
:86:06-10-2025 21:21 7020354213556668
:61:251006C708,32N100RABONL2U//2913244
:86:100 OVERSCHRIJVING VAN J. JOOSSE
:86:8990371986 7020326934586107 PZ XUI-84363426
:86:NL36RABO0375515216
:86:06-10-2025 21:21 7020326934586107
:61:251006C250,00N100RABONL2U//2913246
:86:100 OVERSCHRIJVING VAN R. KUIPER
:86:8990371295 7020456631465060 HH XUI-10057622
:86:NL06RABO0349965374
:86:06-10-2025 21:22 7020456631465060
:61:251006C134,88N100RABONL2U//2913245
:86:100 OVERSCHRIJVING VAN T.H.A. BOSCHLOO EO S.L. SCHRIJVER
:86:8990372067 7020315134497340 EP XUI-15731783
:86:NL96RABO0304378992
:86:06-10-2025 21:22 7020315134497340
:61:251006C595,38N100RABONL2U//2913247
:86:100 OVERSCHRIJVING VAN G. HOLLESTELLE EO M.J. THEELEN
:86:8990375510 7020456913375696 SL XUI-64910240
:86:NL34RABO0146873157
:86:06-10-2025 21:24 7020456913375696
:61:251006C1041,80N100RABONL2U//2913248
:86:100 OVERSCHRIJVING VAN I.A. IJZELENBERG-ZEMSKAYA
:86:8990378115 7020184519316917 LH XUI-43027936
:86:NL61RABO0173626629
:86:06-10-2025 21:26 7020184519316917
:61:251006C505,40N100RABONL2U//2913249
:86:100 OVERSCHRIJVING VAN R.M.M. POELSMA
:86:8990383552 7020596910376128 MD XUI-65528464
:86:NL59RABO0107196603
:86:06-10-2025 21:29 7020596910376128
:61:251006C358,00N100RABONL2U//2913250
:86:100 OVERSCHRIJVING VAN R.H.J. HENDRIKS EO R.W.H. HENDRIKS-TUSS
:86:8990383668 7020556019435420 NO XUI-90693938
:86:NL06RABO0109388399
:86:06-10-2025 21:30 7020556019435420
:61:251006C624,16N100RABONL2U//2913251
:86:100 OVERSCHRIJVING VAN B. HERMSEN EO W. FRINKING
:86:8990387713 7020646919437310 EH XUI-84390428
:86:NL57RABO0146961692
:86:06-10-2025 21:32 7020646919437310
:61:251006C1520,92N100RABONL2U//2913252
:86:100 OVERSCHRIJVING VAN A.O. HAMSTRA EO C.G.K. HAMSTRA- DE JONG
:86:8990389543 7020226913467559 HA XUI-90406528
:86:NL74RABO0361954611
:86:06-10-2025 21:33 7020226913467559
:61:251006C93,40N100RABONL2U//2913253
:86:100 OVERSCHRIJVING VAN J.C.J. VAN DEN BERG EO I. MEULMAN
:86:8990390031 7020364231407769 HB XUI-65077556
:86:NL55RABO0184306922
:86:06-10-2025 21:33 7020364231407769
:61:251006C684,40N100RABONL2U//2913254
:86:100 OVERSCHRIJVING VAN ROSA MEGENS
:86:8990397256 7020914231555897 ZV XUI-10615411
:86:NL91RABO0376785411
:86:06-10-2025 21:36 7020914231555897
:61:251006C294,50N100RABONL2U//2913256
:86:100 OVERSCHRIJVING VAN L.L.F.M.VAN DEN ACKER
:86:8990398315 7020385134436521 KV XUI-46571783
:86:NL91RABO0153318848
:86:06-10-2025 21:38 7020385134436521
:61:251006C1044,36N100RABONL2U//2913255
:86:100 OVERSCHRIJVING VAN D. JONKER SZN
:86:8990397725 7020925428525396 MD XUI-63930421
:86:NL50RABO0315781297
:86:06-10-2025 21:37 7020925428525396
:61:251006C917,80N100RABONL2U//2913257
:86:100 OVERSCHRIJVING VAN J. DE JONG
:86:8990400297 7020384225495114 HB XUI-77800231
:86:NL24RABO0153606010
:86:06-10-2025 21:39 7020384225495114
:61:251006C2796,18N100RABONL2U//2913258
:86:100 OVERSCHRIJVING VAN E. LENSEN
:86:8990403640 7020596619467325 AG XUI-23793466
:86:NL47RABO0356343162
:86:06-10-2025 21:41 7020596619467325
:61:251006C120,20N100RABONL2U//2913259
:86:100 OVERSCHRIJVING VAN R.E.H. COPPENS
:86:8990410934 7020506016556569 KV XUI-43165847
:86:NL37RABO0357725107
:86:06-10-2025 21:45 7020506016556569
:61:251006C94,00N100RABONL2U//2913260
:86:100 OVERSCHRIJVING VAN S.J. POSTMA EO N.C. POSTMA-PIJPER
:86:8990414351 7020476010406698 EH XUI-54456331
:86:NL45RABO0341760412
:86:06-10-2025 21:46 7020476010406698
:61:251006C91,76N541GEBABEBB//2913261
:86:541 CREDIT TRANSACTIE VAN VAN DYCK-BACHOT
:86:1207618
:86:BE64001388123752
:86:7508564F7DBA4D4396BAE1F2148A7196
:61:251006C787,86N100RABONL2U//2913262
:86:100 OVERSCHRIJVING VAN R. NEUMEIER
:86:8990425835 7020064222587913 VM XUI-77064653
:86:NL29RABO0392364921
:86:06-10-2025 21:53 7020064222587913
:61:251006C720,40N100RABONL2U//2913263
:86:100 OVERSCHRIJVING VAN M.C. WESTSTRATE
:86:8990427616 7020366328586950 HB XUI-57820952
:86:NL27RABO0373934084
:86:06-10-2025 21:54 7020366328586950
:61:251006C951,15N100RABONL2U//2913264
:86:100 OVERSCHRIJVING VAN A.A. HURRELL
:86:8990425434 7020946334496740 HB XUI-59311541
:86:NL30RABO0321008308
:86:06-10-2025 21:53 7020946334496740
:61:251006C711,00N100RABONL2U//2913265
:86:100 OVERSCHRIJVING VAN V. GEJAS EO B.M.P VAN DRUTEN
:86:8990427189 7020655425465552 PZ XUI-53715508
:86:NL06RABO0119452537
:86:06-10-2025 21:55 7020655425465552
:61:251006C168,50N100RABONL2U//2913266
:86:100 OVERSCHRIJVING VAN J.D.M. EMBREGTS E.O. I. VAN HASSELT
:86:8990430919 7020484213496704 PZ XUI-85802358
:86:NL88RABO0128658592
:86:06-10-2025 21:57 7020484213496704
:61:251006C2632,68N100RABONL2U//2913267
:86:100 OVERSCHRIJVING VAN N. RICHTER
:86:8990434660 7020624213526620 LG XUI-65331438
:86:NL49RABO0303103221
:86:06-10-2025 21:59 7020624213526620
:61:251006C588,72N100RABONL2U//2913268
:86:100 OVERSCHRIJVING VAN T.A.J. VAN ELSAKKER EO
:86:8990437254 7020525722587073 LA XUI-92445055
:86:NL62RABO0128547510
:86:06-10-2025 22:00 7020525722587073
:61:251006C869,48N100RABONL2U//2913269
:86:100 OVERSCHRIJVING VAN N. GEIJBELS EO J. YAPRU
:86:8990440840 7020826337316407 PZ XUI-56738237
:86:NL33RABO0133944239
:86:06-10-2025 22:02 7020826337316407
:61:251006C65,00N100RABONL2U//2913270
:86:100 OVERSCHRIJVING VAN M.C. GROENEVELD
:86:8990445350 7020796310526005 VM XUI-33427585
:86:NL20RABO0304603848
:86:06-10-2025 22:05 7020796310526005
:61:251006C45,40N100RABONL2U//2913271
:86:100 OVERSCHRIJVING VAN A.G.M. V.D. WIEL EO M.J.H.G. V.D. WIEL-VAN
:86:8990445272 7020796037316362 HB XUI-15445356
:86:NL96RABO0181997487
:86:06-10-2025 22:06 7020796037316362
:61:251006C667,66N100RABONL2U//2913273
:86:100 OVERSCHRIJVING VAN T. ULTEE EO C.M. VAN BOHEMEN
:86:8990455134 7020224831346890 SL XUI-75720804
:86:NL17RABO0144659050
:86:06-10-2025 22:11 7020224831346890
:61:251006C966,40N100RABONL2U//2913272
:86:100 OVERSCHRIJVING VAN D.G.H. BOSBOOM EO M. HONDEBRINK
:86:8990456388 7020136916586410 KV XUI-26663085
:86:NL46RABO0368837459
:86:06-10-2025 22:11 7020136916586410
:61:251006C77,50N100RABONL2U//2913274
:86:100 OVERSCHRIJVING VAN M. SAEGAERT EO S.H.J. TERMEER
:86:8990462493 7020944525466083 PZ XUI-83313379
:86:NL61RABO0151026211
:86:06-10-2025 22:16 7020944525466083
:61:251006C834,38N100RABONL2U//2913275
:86:100 OVERSCHRIJVING VAN R.A. NUNES GIL CONDE EO I. KLEEMANS
:86:8990470002 7020926613377502 LA XUI-10602056
:86:NL37RABO0301109311
:86:06-10-2025 22:19 7020926613377502
:61:251006C381,52N100RABONL2U//2913276
:86:100 OVERSCHRIJVING VAN VAN VIEGEN ADVOCATUUR
:86:8990468526 7020986334317691 MD XUI-29346007
:86:NL02RABO0314850864
:86:06-10-2025 22:20 7020986334317691
:61:251006C30,00N100RABONL2U//2913277
:86:100 OVERSCHRIJVING VAN B. RIGHOLT
:86:8990470831 7020556022467514 EH XUI-15556912
:86:NL27RABO0387038299
:86:06-10-2025 22:21 7020556022467514
:61:251006C578,20N100RABONL2U//2913278
:86:100 OVERSCHRIJVING VAN E. VLAS
:86:8990466588 7020556931466548 EH XUI-44171594
:86:NL37RABO0302400478
:86:06-10-2025 22:18 7020556931466548
:61:251006C577,16N100RABONL2U//2913280
:86:100 OVERSCHRIJVING VAN D. BAKKER
:86:8990474458 7020195428526422 EH XUI-88887951
:86:NL54RABO0315910623
:86:06-10-2025 22:22 7020195428526422
:61:251006C637,22N100RABONL2U//2913279
:86:100 OVERSCHRIJVING VAN P. RADEMAKER EO A. RADEMAKER-BAARDMAN
:86:8990475035 7020065116525375 PZ XUI-64509071
:86:NL52RABO0342712535
:86:06-10-2025 22:22 7020065116525375
:61:251006C372,51N100RABONL2U//2913281
:86:100 OVERSCHRIJVING VAN R. VERHAGEN EO S. DIJKSTRA
:86:8990474996 7020224213495597 HA XUI-37162962
:86:NL64RABO0306177269
:86:06-10-2025 22:22 7020224213495597
:61:251006C959,20N100RABONL2U//2913282
:86:100 OVERSCHRIJVING VAN D. V.D. OORD
:86:8990484120 7020716937587196 KV XUI-44869675
:86:NL07RABO0170464237
:86:06-10-2025 22:29 7020716937587196
:61:251006C17,50N100RABONL2U//2913283
:86:100 OVERSCHRIJVING VAN A.W.W.M. HEUVERLING EO M.A. HENSKENS
:86:8990487773 7020035419407052 AR XUI-48363603
:86:NL58RABO0181299771
:86:06-10-2025 22:30 7020035419407052
:61:251006C302,00N100RABONL2U//2913284
:86:100 OVERSCHRIJVING VAN T.H.M.N. VAN DEN BRINK
:86:8990485584 7020235419465918 ZV XUI-96914117
:86:NL17RABO0338306455
:86:06-10-2025 22:31 7020235419465918
:61:251006C632,10N100RABONL2U//2913285
:86:100 OVERSCHRIJVING VAN I.H. OP DEN BROUW EO S. HEIJE
:86:8990489604 7020596034587439 KV XUI-14321508
:86:NL05RABO0304197785
:86:06-10-2025 22:32 7020596034587439
:61:251006C953,72N100RABONL2U//2913286
:86:100 OVERSCHRIJVING VAN M. VAN SLUIJS
:86:8990491699 7020126034405960 VM XUI-98454875
:86:NL68RABO0351108858
:86:06-10-2025 22:34 7020126034405960
:61:251006C394,14N100RABONL2U//2913287
:86:100 OVERSCHRIJVING VAN W. VRIENDS EO L.C.H. VERSCHUREN
:86:8990509087 7020866613437106 KV XUI-32415300
:86:NL37RABO0130517836
:86:06-10-2025 22:44 7020866613437106
:61:251006C1869,24N100RABONL2U//2913288
:86:100 OVERSCHRIJVING VAN F.W. KOOPMANS
:86:8990509177 7020136616437760 SL XUI-76606519
:86:NL98RABO0337031290
:86:06-10-2025 22:44 7020136616437760
:61:251006C495,65N100RABONL2U//2913289
:86:100 OVERSCHRIJVING VAN A.R. DE JONGE EO D. SCHEERINGA
:86:8990509298 7020064813345177 HH XUI-82389408
:86:NL43RABO0313038651
:86:06-10-2025 22:46 7020064813345177
:61:251006C699,24N100RABONL2U//2913290
:86:100 OVERSCHRIJVING VAN R. LIGTENBARG EO C. WOLSING-LIGTENBARG
:86:8990522332 7020504513526728 EH XUI-30128975
:86:NL21RABO0347031048
:86:06-10-2025 22:54 7020504513526728
:61:251006C1485,96N541ABNANL2A//2913291
:86:541 CREDIT TRANSACTIE VAN VERKADE J M CJ
:86:RESERVERINGS NUMMER 7396824
:86:NL86ABNA0970900627
:61:251006C28,50N100RABONL2U//2913292
:86:100 OVERSCHRIJVING VAN D.R.E. LA FONTAINE EO J. BUSSCHERS
:86:8990549036 7020736631525426 HB XUI-26447912
:86:NL20RABO0155213954
:86:06-10-2025 23:15 7020736631525426
:61:251006C250,00N100RABONL2U//2913293
:86:100 OVERSCHRIJVING VAN R.BESSELSEN
:86:8990552547 7020986928495423 HH XUI-99639594
:86:NL70RABO0384167586
:86:06-10-2025 23:18 7020986928495423
:61:251006C427,88N100RABONL2U//2913294
:86:100 OVERSCHRIJVING VAN E. VAN DAAL
:86:8990558525 7020126634347820 HB XUI-10305941
:86:NL91RABO0152931430
:86:06-10-2025 23:23 7020126634347820
:61:251006C491,65N100RABONL2U//2913296
:86:100 OVERSCHRIJVING VAN L.A.H.W. LORMANS EO R.H.R. COX
:86:8990563433 7020026622527931 KV XUI-99531855
:86:NL93RABO0340695846
:86:06-10-2025 23:29 7020026622527931
:61:251006C44,50N100RABONL2U//2913295
:86:100 OVERSCHRIJVING VAN D. V.D. OORD
:86:8990564279 7020396928345696 KV XUI-44869675
:86:NL07RABO0170464237
:86:06-10-2025 23:29 7020396928345696
:61:251006C961,90N541RBRBNL21//2913297
:86:541 CREDIT TRANSACTIE VAN C.M. VAN DEN BERG
:86:BOEKINGSNUMMER 150139
:86:NL50RBRB0681298324
:61:251006C2022,20N541INGBNL2A//2913298
:86:541 CREDIT TRANSACTIE VAN MW MH VAN DEN BERG
:86:RESERVERINGSNR:7891158
:86:NL47INGB0002733992
:61:251006C1019,96N100RABONL2U//2913299
:86:100 OVERSCHRIJVING VAN NAOMI GOMERSBACH
:86:8990586905 7020976910375519 SL XUI-28837913
:86:NL14RABO0395301866
:86:06-10-2025 23:51 7020976910375519
:62F:C251006EUR111173,90
:64:C251006EUR111173,90
:65:C251007EUR111173,90
:65:C251008EUR111173,90
:65:C251009EUR111173,90
-
}
{5:{CHK:5467C4B5}}