:940:
:20:940S251124
:25:NL48RABO0300002343 EUR
:28C:25328
:60F:C251123EUR000000349169,21
:61:251124C000000017289,54N541EREF//2947217
NL85RABO0131361260
:86:/EREF/CEN01-842351-001/TRCD/541/ORDP//NAME/United Homes B.V.
/REMI/842351-001/ISDT/2025-11-24
:61:251124C000000000005,00N541EREF//2947218
NL88SNSB0871633493
:86:/EREF/2947218/TRCD/541/ORDP//NAME/L. Meerhof/REMI/boeknummer
 7392797/ISDT/2025-11-24
:61:251124C000000001266,53N100EREF//2947219
NL44RABO0331378132
:86:/EREF/24-11-2025 00:10 7020426587971978/TRCD/100/ORDP//NAME
/W.H.B. Slots-Bruins eo J. Slots/REMI/9096557081
 7020426587971978 SL xui-39395771/PURP//CD/EPAY/ISDT/2025-11-24
:61:251124C000000000000,71N541EREF//2947220
NL62SNSB0267976771
:86:/EREF/2947220/TRCD/541/ORDP//NAME/L. Meerhof/REMI/boeknummer
 7392797/ISDT/2025-11-24
:61:251124C000000000902,89N541EREF//2947221
NL19RABO0350220832
:86:/EREF/OO9B005218703093/PREF/OO9B005218703093/TRCD/541/ORDP/
/NAME/J. Quartel en of S.D.N. Quartel-Smit/REMI
/Reserveringsnummer: 3480726/ISDT/2025-11-24
:61:251124C000000002797,56N541EREF//2947222
NL55ABNA0431616493
:86:/EREF/2947222/TRCD/541/ORDP//NAME/RJ STRONKS CJ/REMI
/Reserveringsnummer 4920048/ISDT/2025-11-24
:61:251124C000000000318,25N541EREF//2947223
NL42RABO0177030895
:86:/EREF/OO9B005226155234/PREF/OO9B005226155234/TRCD/541/ORDP/
/NAME/A.M.J. van der Zanden/REMI/Reserveringsnummer 3699519/ISDT
/2025-11-24
:61:251124C000000000475,71N541EREF//2947224
NL78RBRB0778251551
:86:/EREF/2947224/TRCD/541/ORDP//NAME/G.A. Hesselink e/o A.B.H.
 Hesselink-Nijkamp/REMI/Reservering 7298994/ISDT/2025-11-24
:61:251124C000000000250,00N541EREF//2947225
NL10RBRB0841183562
:86:/EREF/2947225/TRCD/541/ORDP//NAME/S.J. Schutte/REMI
/Reserveringsnummer 3707835/ISDT/2025-11-24
:61:251124C000000000792,00N541EREF//2947226
NL02SNSB0901760234
:86:/EREF/2947226/TRCD/541/ORDP//NAME/J.L. Kooi e/o M. Kooi
-Oosterhuis/REMI/Reservering/ISDT/2025-11-24
:61:251124C000000001338,00N541EREF//2947227
BE64063610005652
:86:/EREF/2947227/TRCD/541/ORDP//NAME/Maes - Lamotte/REMI
/6179758/ISDT/2025-11-24
:61:251124C000000000266,80N100EREF//2947228
NL38RABO0358610117
:86:/EREF/24-11-2025 04:06 7020486594059773/TRCD/100/ORDP//NAME
/R. Jungen/REMI/9096700448 7020486594059773 ZV xui-18553463/PURP
//CD/EPAY/ISDT/2025-11-24
:61:251124C000000000411,20N100EREF//2947229
NL70RABO0305472941
:86:/EREF/24-11-2025 04:44 7020945705849392/TRCD/100/ORDP//NAME
/J. van Hezik/REMI/9096710075 7020945705849392 ZV xui-27397410
/PURP//CD/EPAY/ISDT/2025-11-24
:61:251124C000000000259,46N541EREF//2947230
NL57INGB0658792342
:86:/EREF/2947230/TRCD/541/ORDP//NAME/Hr GJ dos Santos, Mw R dos
 Santos-Clemens/REMI/3239718/ISDT/2025-11-24
:61:251124C000000000721,27N541EREF//2947231
NL45INGB0002638192
:86:/EREF/2947231/TRCD/541/ORDP//NAME/Hr H ter Veen en/of Mw R M
 ter Veen-Keizer/REMI/4337764/ISDT/2025-11-24
:61:251124C000000000164,65N100EREF//2947232
NL75RABO0106625373
:86:/EREF/24-11-2025 06:59 7020226599999197/TRCD/100/ORDP//NAME
/K. Boers/REMI/9096801562 7020226599999197 HB xui-12117714/PURP/
/CD/EPAY/ISDT/2025-11-24
:61:251124C000000000640,98N100EREF//2947233
NL41RABO0356786366
:86:/EREF/24-11-2025 07:01 7020045982000139/TRCD/100/ORDP//NAME
/Y. van der Pol/REMI/9096805601 7020045982000139 PZ xui-83268124
/PURP//CD/EPAY/ISDT/2025-11-24
:61:251124C000000000324,94N541EREF//2947234
NL40ABNA0971302065
:86:/EREF/2947234/TRCD/541/ORDP//NAME/KUPERUS J I CJ/REMI
/Aanbetaling reserveringsnummer 2672291 De Klerk/ISDT/2025-11-24
:61:251124C000000000025,00N100EREF//2947235
NL16RABO0351382267
:86:/EREF/24-11-2025 08:06 7020096281878909/TRCD/100/ORDP//NAME
/M.J. van der Veen eo H.H.L. Hoek/REMI/9096893920
 7020096281878909 HB xui-39699269/PURP//CD/EPAY/ISDT/2025-11-24
:61:251124C000000000325,00N541EREF//2947236
NL51ABNA0869818139
:86:/EREF/2947236/TRCD/541/ORDP//NAME/AE LOOIJEN CJ/REMI/7180970
/ISDT/2025-11-24
:61:251124C000000000299,70N100EREF//2947237
NL86RABO0103585583
:86:/EREF/24-11-2025 08:16 7020246290909731/TRCD/100/ORDP//NAME
/A.G.M. van Gameren eo A.T.H. van Geffen/REMI/9096902321
 7020246290909731 PZ xui-20754493/PURP//CD/EPAY/ISDT/2025-11-24
:61:251124C000000000475,30N100EREF//2947238
NL24RABO0103625402
:86:/EREF/24-11-2025 08:27 7020896003028444/TRCD/100/ORDP//NAME
/H.J.M. Koppen/REMI/9096926379 7020896003028444 SR xui-33436229
/PURP//CD/EPAY/ISDT/2025-11-24
:61:251124C000000000123,60N100EREF//2947239
NL64RABO0103053255
:86:/EREF/24-11-2025 08:38 7020084784999221/TRCD/100/ORDP//NAME
/J.H.G.M. van Es-Jansen eo R.W. van Es/REMI/9096947722
 7020084784999221 LA xui-99363223/PURP//CD/EPAY/ISDT/2025-11-24
:61:251124C000000000158,75N100EREF//2947240
NL91RABO0312435029
:86:/EREF/24-11-2025 08:38 7020156885089161/TRCD/100/ORDP//NAME
/J. van Oort eo A.M.E. van Oort-Kruijsbergen/REMI/9096940467
 7020156885089161 EH xui-53926459/PURP//CD/EPAY/ISDT/2025-11-24
:61:251124C000000000096,00N100EREF//2947241
NL95RABO0112326188
:86:/EREF/24-11-2025 08:43 7020794487968837/TRCD/100/ORDP//NAME
/N.G.J.M. Donkers/REMI/9096954282 7020794487968837 EH xui
-20265925/PURP//CD/EPAY/ISDT/2025-11-24
:61:251124C000000000484,40N100EREF//2947242
NL10RABO0331887606
:86:/EREF/24-11-2025 08:44 7020886905880160/TRCD/100/ORDP//NAME
/J.M. de Vreugd- van Duijvenbode eo R. de Vreugd/REMI/9096956660
 7020886905880160 ZV xui-48358810/PURP//CD/EPAY/ISDT/2025-11-24
:61:251124C000000000150,00N541EREF//2947243
NL78INGB0004269623
:86:/EREF/8786985/TRCD/541/ORDP//NAME/Mw JH Beurze, Hr E Hermans
/REMI/Res.nr 8786985/ISDT/2025-11-24
:61:251124C000000001824,96N100EREF//2947244
NL56RABO0132298317
:86:/EREF/24-11-2025 08:49 7020885405998501/TRCD/100/ORDP//NAME
/Zorgboerderij Landelijk Leven/REMI/9096962846 7020885405998501
 EH xui-85769341/PURP//CD/EPAY/ISDT/2025-11-24
:61:251124C000000001556,42N541EREF//2947245
NL65ABNA0800482190
:86:/EREF/2947245/TRCD/541/ORDP//NAME/PELT R VAN/REMI
/Reserveringsnummer: 6936019/ISDT/2025-11-24
:61:251124C000000000100,00N541EREF//2947246
NL15ABNA0480745870
:86:/EREF/2947246/TRCD/541/ORDP//NAME/TM HORSTEN/REMI
/Reserveringsnr 188855/ISDT/2025-11-24
:61:251124C000000000654,80N100EREF//2947247
NL83RABO0369048156
:86:/EREF/24-11-2025 09:08 7020335687818603/TRCD/100/ORDP//NAME
/Marijke Jitske Tabak/REMI/9097011929 7020335687818603 HB xui
-27749399/PURP//CD/EPAY/ISDT/2025-11-24
:61:251124C000000000389,24N541EREF//2947248
NL77INGB0004460052
:86:/EREF/2947248/TRCD/541/ORDP//NAME/Hr M J E Herpers en Mw B
 Herpers-Kromhout vd Meer/REMI/resver. nr. 4240073/ISDT/2025-11
-24
:61:251124C000000000281,00N541EREF//2947249
NL64INGB0110283309
:86:/EREF/2947249/TRCD/541/ORDP//NAME/Hr MMWJ Bax/REMI/3674294
/ISDT/2025-11-24
:61:251124C000000000021,00N100EREF//2947250
NL65RABO0320802329
:86:/EREF/24-11-2025 09:18 7020435694060943/TRCD/100/ORDP//NAME
/B.J. Welmers/REMI/9097027039 7020435694060943 HH xui-56645510
/PURP//CD/EPAY/ISDT/2025-11-24
:61:251124C000000000531,39N100EREF//2947251
NL03RABO0119466074
:86:/EREF/24-11-2025 09:19 7020266594030685/TRCD/100/ORDP//NAME
/B.J. van de Merbel eo C. den Hertog/REMI/9097029369
 7020266594030685 PZ xui-22271351/PURP//CD/EPAY/ISDT/2025-11-24
:61:251124C000000000925,98N100EREF//2947252
NL39RABO0314328726
:86:/EREF/24-11-2025 09:24 7020314202850208/TRCD/100/ORDP//NAME
/Drs. P.J.G. Klaassen eo F.A.E. Jonkman/REMI/9097040997
 7020314202850208 HB xui-36931293/PURP//CD/EPAY/ISDT/2025-11-24
:61:251124C000000001422,70N541EREF//2947253
NL92RABO0365672297
:86:/EREF/OO9B005240342718/PREF/OO9B005240342718/TRCD/541/ORDP/
/NAME/R. van Dorp eo W. van Dorp- Overgoor/REMI/Boekingsnummer
 2714657/ISDT/2025-11-24
:61:251124C000000001542,60N541EREF//2947254
NL84SNSB8839713794
:86:/EREF/2947254/TRCD/541/ORDP//NAME/C. Grondhuis/REMI/7018918
/ISDT/2025-11-24
:61:251124C000000000365,00N541EREF//2947255
NL54ABNA0975356801
:86:/EREF/2947255/TRCD/541/ORDP//NAME/ALLES A Y CJ/ISDT/2025-11
-24
:61:251124C000000001164,24N541EREF//2947256
NL39ABNA0491604394
:86:/EREF/2947256/TRCD/541/ORDP//NAME/L STEPANYUK CJ/REMI
/Reserveringnummer 4497598/ISDT/2025-11-24
:61:251124C000000000746,10N100EREF//2947257
NL58RABO0348001061
:86:/EREF/24-11-2025 09:46 7020345999878069/TRCD/100/ORDP//NAME
/Maatschap Hooiveld/REMI/9097093532 7020345999878069 HB xui
-19002687/PURP//CD/EPAY/ISDT/2025-11-24
:61:251124C000000000570,12N100EREF//2947258
NL21RABO0338331700
:86:/EREF/24-11-2025 09:52 7020855390968765/TRCD/100/ORDP//NAME
/T. de Borst eo L.L.S. van Nieuwenhuizen/REMI/9097109166
 7020855390968765 HB xui-10452756/PURP//CD/EPAY/ISDT/2025-11-24
:61:251124C000000000250,00N541EREF//2947259
NL40ABNA0453030386
:86:/EREF/2947259/TRCD/541/ORDP//NAME/J F G VAN DORST CJ/REMI
/reserveringsnummer 6583642/ISDT/2025-11-24
:61:251124C000000000172,20N541EREF//2947260
NL61INGB0000184677
:86:/EREF/2947260/TRCD/541/ORDP//NAME/Dhr A Rauhe Mw C J Rauhe
-Dubbelman/REMI/Reserveringsnummer-1341232/ISDT/2025-11-24
:61:251124C000000000634,40N100EREF//2947261
NL63RABO0155087274
:86:/EREF/24-11-2025 09:58 7020664202909791/TRCD/100/ORDP//NAME
/N. Hoek eo J.J. Hoek-Onderwater/REMI/9097119507
 7020664202909791 HB xui-95988333/PURP//CD/EPAY/ISDT/2025-11-24
:61:251124C000000000010,00N100EREF//2947262
NL22RABO0105598127
:86:/EREF/24-11-2025 09:58 7020745682059596/TRCD/100/ORDP//NAME
/K.M.M. Claessen/REMI/9097119560 7020745682059596 MD xui
-46918052/PURP//CD/EPAY/ISDT/2025-11-24
:61:251124C000000000108,00N100EREF//2947263
NL31RABO0126742995
:86:/EREF/24-11-2025 09:59 7020056888088894/TRCD/100/ORDP//NAME
/S.M. Stilting eo M.J. Stilting-Vermeulen/REMI/9097119711
 7020056888088894 EP xui-99548742/PURP//CD/EPAY/ISDT/2025-11-24
:61:251124C000000000079,96N100EREF//2947264
NL89ABNA0561420505
:86:/EREF/22-11-2025 20:19 7020865997064450/TRCD/100/ORDP//NAME
/EW WEBBE CJ/REMI/9094375456 7020865997064450 EH/PURP//CD/EPAY
/ISDT/2025-11-24
:61:251124C000000000028,50N100EREF//2947265
NL47ABNA0489159559
:86:/EREF/23-11-2025 14:32 7020495387941975/TRCD/100/ORDP//NAME
/M SPIL CJ/REMI/9095514464 7020495387941975 HB/PURP//CD/EPAY
/ISDT/2025-11-24
:61:251124C000000000742,80N100EREF//2947266
NL82ABNA0441587801
:86:/EREF/22-11-2025 09:51 7020886005856211/TRCD/100/ORDP//NAME
/ANDRE SCHARPHOF/REMI/9092967977 7020886005856211 ZV/PURP//CD
/EPAY/ISDT/2025-11-24
:61:251124C000000002044,07N100EREF//2947267
NL15ABNA0502760214
:86:/EREF/23-11-2025 23:04 7020594491032035/TRCD/100/ORDP//NAME
/DAZZLE DROST/REMI/9096480793 7020594491032035 VM/PURP//CD/EPAY
/ISDT/2025-11-24
:61:251124C000000000250,00N100EREF//2947268
NL75ABNA0971290571
:86:/EREF/22-11-2025 16:38 7020524194095497/TRCD/100/ORDP//NAME
/P STOFFELS CJ/REMI/9093923638 7020524194095497 BS/PURP//CD/EPAY
/ISDT/2025-11-24
:61:251124C000000000570,27N100EREF//2947269
NL72ABNA0473290103
:86:/EREF/22-11-2025 11:01 7020025105826610/TRCD/100/ORDP//NAME
/JM VAN HOUTUM CJ/REMI/9093132451 7020025105826610 KV/PURP//CD
/EPAY/ISDT/2025-11-24
:61:251124C000000000144,40N100EREF//2947270
NL87ABNA0477498566
:86:/EREF/23-11-2025 15:47 7020116605942149/TRCD/100/ORDP//NAME
/H VAN DER HERT/REMI/9095649436 7020116605942149 HH/PURP//CD
/EPAY/ISDT/2025-11-24
:61:251124C000000001836,80N100EREF//2947271
NL31ABNA0523182112
:86:/EREF/22-11-2025 11:03 7020196899945725/TRCD/100/ORDP//NAME
/E KROON/REMI/9093134919 7020196899945725 SL/PURP//CD/EPAY/ISDT
/2025-11-24
:61:251124C000000001132,00N100EREF//2947272
NL85ABNA0949721859
:86:/EREF/22-11-2025 16:12 7020646002916517/TRCD/100/ORDP//NAME
/VELDEN J VAN DE CJ/REMI/9093857108 7020646002916517 KV/PURP//CD
/EPAY/ISDT/2025-11-24
:61:251124C000000002359,00N100EREF//2947273
NL65ABNA0402220463
:86:/EREF/23-11-2025 15:24 7020306006032311/TRCD/100/ORDP//NAME
/PURE NETWORKS SECURITY/REMI/9095605305 7020306006032311 KV/PURP
//CD/EPAY/ISDT/2025-11-24
:61:251124C000000000128,00N100EREF//2947274
NL37ABNA0477463770
:86:/EREF/22-11-2025 10:24 7020015093855968/TRCD/100/ORDP//NAME
/EE VERHEULE CJ/REMI/9093046864 7020015093855968 VN/PURP//CD
/EPAY/ISDT/2025-11-24
:61:251124C000000000089,50N100EREF//2947275
NL80ABNA0424407876
:86:/EREF/22-11-2025 09:22 7020365987826439/TRCD/100/ORDP//NAME
/N KORSTEN/REMI/9092909489 7020365987826439 KV/PURP//CD/EPAY
/ISDT/2025-11-24
:61:251124C000000000776,60N100EREF//2947276
NL15ABNA0107468239
:86:/EREF/22-11-2025 17:48 7020546903096388/TRCD/100/ORDP//NAME
/FOEKEN MAKELAARDIJ BV/REMI/9094078049 7020546903096388 SR/PURP/
/CD/EPAY/ISDT/2025-11-24
:61:251124C000000000313,46N100EREF//2947277
NL75ABNA0427090210
:86:/EREF/22-11-2025 21:03 7020926588066511/TRCD/100/ORDP//NAME
/CT DEKKER CJ/REMI/9094441630 7020926588066511 EH/PURP//CD/EPAY
/ISDT/2025-11-24
:61:251124C000000000129,60N100EREF//2947278
NL42ABNA0485937212
:86:/EREF/22-11-2025 10:26 7020626582005374/TRCD/100/ORDP//NAME
/LEW HONDERS/REMI/9093045980 7020626582005374 KV/PURP//CD/EPAY
/ISDT/2025-11-24
:61:251124C000000000419,65N100EREF//2947279
NL97ABNA0458574171
:86:/EREF/23-11-2025 15:42 7020544209002791/TRCD/100/ORDP//NAME
/L BOOTS/REMI/9095639225 7020544209002791 MD/PURP//CD/EPAY/ISDT
/2025-11-24
:61:251124C000000000312,10N100EREF//2947280
NL25INGB0666708312
:86:/EREF/22-11-2025 08:52 7020484505825419/TRCD/100/ORDP//NAME
/Mw E Broeders/REMI/9092860234 7020484505825419 KV/PURP//CD/EPAY
/ISDT/2025-11-24
:61:251124C000000000710,98N100EREF//2947281
NL28INGB0004208540
:86:/EREF/21-11-2025 21:35 7020376281889835/TRCD/100/ORDP//NAME
/Hr N van der Munnik, WC van de Munnik-de Jong/REMI/9092323930
 7020376281889835 SL/PURP//CD/EPAY/ISDT/2025-11-24
:61:251124C000000000436,43N100EREF//2947282
NL77INGB0008906047
:86:/EREF/22-11-2025 13:11 7020675105975383/TRCD/100/ORDP//NAME
/Hr RJ van der Zwan/REMI/9093443444 7020675105975383 HE/PURP//CD
/EPAY/ISDT/2025-11-24
:61:251124C000000000128,00N100EREF//2947283
NL73INGB0003642414
:86:/EREF/22-11-2025 10:47 7020376896824036/TRCD/100/ORDP//NAME
/MW D Lejeune/REMI/9093094630 7020376896824036 EP/PURP//CD/EPAY
/ISDT/2025-11-24
:61:251124C000000000708,80N100EREF//2947284
NL81INGB0008038601
:86:/EREF/21-11-2025 22:39 7020336881887486/TRCD/100/ORDP//NAME
/Hr E F Nolten/REMI/9092424412 7020336881887486 EH/PURP//CD/EPAY
/ISDT/2025-11-24
:61:251124C000000000490,40N100EREF//2947285
NL53INGB0000743153
:86:/EREF/22-11-2025 10:14 7020155409066928/TRCD/100/ORDP//NAME
/Mw K de Kok/REMI/9093020173 7020155409066928 HB/PURP//CD/EPAY
/ISDT/2025-11-24
:61:251124C000000000780,00N100EREF//2947286
NL29INGB0664652034
:86:/EREF/22-11-2025 13:04 7020315400094384/TRCD/100/ORDP//NAME
/Hr D Schipper/REMI/9093421428 7020315400094384 HB/PURP//CD/EPAY
/ISDT/2025-11-24
:61:251124C000000001213,09N100EREF//2947287
NL53INGB0007329356
:86:/EREF/23-11-2025 19:46 7020005700003706/TRCD/100/ORDP//NAME
/Hr IH Hospes, Mw S Vos/REMI/9096125163 7020005700003706 AG/PURP
//CD/EPAY/ISDT/2025-11-24
:61:251124C000000000584,79N100EREF//2947288
NL46ABNA0414581709
:86:/EREF/22-11-2025 10:27 7020296887916709/TRCD/100/ORDP//NAME
/P ALPHENAAR/REMI/9093049976 7020296887916709 PZ/PURP//CD/EPAY
/ISDT/2025-11-24
:61:251124C000000000066,25N541EREF//2947289
NL68ABNA0965612996
:86:/EREF/2947289/TRCD/541/ORDP//NAME/RIETHORST J/REMI/4255711 j
 riethorst/ISDT/2025-11-24
:61:251124C000000000506,80N100EREF//2947290
NL65INGB0113157789
:86:/EREF/23-11-2025 17:37 7020704782003652/TRCD/100/ORDP//NAME
/Mw EL Walkate,Hr P van der Vlies/REMI/9095858603
 7020704782003652 TH/PURP//CD/EPAY/ISDT/2025-11-24
:61:251124C000000000405,80N100EREF//2947291
NL63INGB0688439217
:86:/EREF/21-11-2025 19:21 7020246609009016/TRCD/100/ORDP//NAME
/Hr HJA van Wijk/REMI/9092072210 7020246609009016 LH/PURP//CD
/EPAY/ISDT/2025-11-24
:61:251124C000000000316,60N100EREF//2947292
NL25INGB0005389666
:86:/EREF/23-11-2025 15:14 7020536896942923/TRCD/100/ORDP//NAME
/Hr R de Vries,Mw IC de Vries-Assenberg/REMI/9095592754
 7020536896942923 HB/PURP//CD/EPAY/ISDT/2025-11-24
:61:251124C000000000265,97N100EREF//2947293
NL62INGB0663607817
:86:/EREF/22-11-2025 10:50 7020284203096187/TRCD/100/ORDP//NAME
/Mw M W J de Boer en/of Hr R C J Maas/REMI/9093103385
 7020284203096187 EH/PURP//CD/EPAY/ISDT/2025-11-24
:61:251124C000000000488,00N100EREF//2947294
NL81INGB0652877044
:86:/EREF/22-11-2025 19:25 7020126300066577/TRCD/100/ORDP//NAME
/Hr JIT Siersema/REMI/9094281647 7020126300066577 HB/PURP//CD
/EPAY/ISDT/2025-11-24
:61:251124C000000000065,00N100EREF//2947295
NL34ABNA0549874518
:86:/EREF/21-11-2025 16:09 7020744191038116/TRCD/100/ORDP//NAME
/JOSHUA GROENEVELD/REMI/9091585105 7020744191038116 KV/PURP//CD
/EPAY/ISDT/2025-11-24
:61:251124C000000000579,70N100EREF//2947296
NL19ABNA0417998147
:86:/EREF/22-11-2025 22:09 7020736882066199/TRCD/100/ORDP//NAME
/D AAFJES/REMI/9094528540 7020736882066199 MD/PURP//CD/EPAY/ISDT
/2025-11-24
:61:251124C000000000446,00N100EREF//2947297
NL52ABNA0849189519
:86:/EREF/22-11-2025 17:07 7020886008884393/TRCD/100/ORDP//NAME
/MEER J H P VAN/REMI/9093992941 7020886008884393 KV/PURP//CD
/EPAY/ISDT/2025-11-24
:61:251124C000000000385,70N100EREF//2947298
NL46ABNA0414581709
:86:/EREF/22-11-2025 10:23 7020766291034822/TRCD/100/ORDP//NAME
/P ALPHENAAR/REMI/9093042029 7020766291034822 PZ/PURP//CD/EPAY
/ISDT/2025-11-24
:61:251124C000000000825,80N100EREF//2947299
NL70ABNA0805416781
:86:/EREF/22-11-2025 23:31 7020634791005950/TRCD/100/ORDP//NAME
/LEYS R M/REMI/9094627498 7020634791005950 KV/PURP//CD/EPAY/ISDT
/2025-11-24
:61:251124C000000000882,00N100EREF//2947300
NL69INGB0001538168
:86:/EREF/23-11-2025 20:15 7020944194062011/TRCD/100/ORDP//NAME
/Mw A Lustig-Lems en/of Hr R Lustig/REMI/9096182731
 7020944194062011 SR/PURP//CD/EPAY/ISDT/2025-11-24
:61:251124C000000000198,24N100EREF//2947301
NL69INGB0006793143
:86:/EREF/22-11-2025 13:08 7020404496884057/TRCD/100/ORDP//NAME
/Hr Ch Koren/REMI/9093434901 7020404496884057 KM/PURP//CD/EPAY
/ISDT/2025-11-24
:61:251124C000000000409,92N100EREF//2947302
NL68INGB0655660208
:86:/EREF/23-11-2025 19:52 7020524787943058/TRCD/100/ORDP//NAME
/Mw J A H Lukassen/REMI/9096139433 7020524787943058 EH/PURP//CD
/EPAY/ISDT/2025-11-24
:61:251124C000000000589,96N100EREF//2947303
NL48INGB0006243337
:86:/EREF/22-11-2025 14:01 7020506891036967/TRCD/100/ORDP//NAME
/Mw A Duiveman/REMI/9093554300 7020506891036967 KM/PURP//CD/EPAY
/ISDT/2025-11-24
:61:251124C000000000048,00N100EREF//2947304
NL71INGB0008720012
:86:/EREF/21-11-2025 21:43 7020345087978014/TRCD/100/ORDP//NAME
/Hr MR Veen/REMI/9092339244 7020345087978014 EH/PURP//CD/EPAY
/ISDT/2025-11-24
:61:251124C000000000347,60N100EREF//2947305
NL75RBRB8842346411
:86:/EREF/2025-11-22T07:00 7020006287916940/TRCD/100/ORDP//NAME
/B.D. Kramer/REMI/9092754748 7020006287916940 LH/PURP//CD/EPAY
/ISDT/2025-11-24
:61:251124C000000000540,13N100EREF//2947306
NL98SNSB0267966229
:86:/EREF/2025-11-23T12:27 7020386885002563/TRCD/100/ORDP//NAME
/S.E. van Schoonhoven-Snijder e/o J. van Schoonhoven/REMI
/9095291174 7020386885002563 EP/PURP//CD/EPAY/ISDT/2025-11-24
:61:251124C000000000506,46N100EREF//2947307
NL05INGB0005444152
:86:/EREF/23-11-2025 14:49 7020486284853853/TRCD/100/ORDP//NAME
/Mw MA Mentjox/REMI/9095543634 7020486284853853 EH/PURP//CD/EPAY
/ISDT/2025-11-24
:61:251124C000000000212,65N541EREF//2947308
NL77RBRB0850127114
:86:/EREF/2947308/TRCD/541/ORDP//NAME/S.J. de Jong/REMI
/reservering-7245754/ISDT/2025-11-24
:61:251124C000000000117,00N100EREF//2947309
NL39INGB0008671991
:86:/EREF/23-11-2025 18:44 7020765396883742/TRCD/100/ORDP//NAME
/Mw T Butter/REMI/9095992481 7020765396883742 ZV/PURP//CD/EPAY
/ISDT/2025-11-24
:61:251124C000000000296,30N100EREF//2947310
NL39INGB0000676669
:86:/EREF/22-11-2025 13:45 7020305708944960/TRCD/100/ORDP//NAME
/Mw M van Ekeren/REMI/9093520084 7020305708944960 HH/PURP//CD
/EPAY/ISDT/2025-11-24
:61:251124C000000000117,00N100EREF//2947311
NL93INGB0753461269
:86:/EREF/22-11-2025 10:31 7020496303034525/TRCD/100/ORDP//NAME
/Mw J J Verhoef/REMI/9093056219 7020496303034525 HH/PURP//CD
/EPAY/ISDT/2025-11-24
:61:251124C000000000160,00N100EREF//2947312
NL69INGB0674550358
:86:/EREF/22-11-2025 13:10 7020626902946175/TRCD/100/ORDP//NAME
/Mw J Jansen e/o Hr R van der Molen/REMI/9093435270
 7020626902946175 SL/PURP//CD/EPAY/ISDT/2025-11-24
:61:251124C000000000386,16N100EREF//2947313
NL89INGB0662954327
:86:/EREF/21-11-2025 21:19 7020806594039583/TRCD/100/ORDP//NAME
/Mw MD den Hartogh, Hr RF Venderbosch/REMI/9092295208
 7020806594039583 EH/PURP//CD/EPAY/ISDT/2025-11-24
:61:251124C000000001817,80N100EREF//2947314
NL09INGB0005683088
:86:/EREF/21-11-2025 22:25 7020534509039937/TRCD/100/ORDP//NAME
/Hr G Betrian en/of Mw S Teunissen/REMI/9092403800
 7020534509039937 VM/PURP//CD/EPAY/ISDT/2025-11-24
:61:251124C000000000578,40N100EREF//2947315
NL36ASNB0706853482
:86:/EREF/2025-11-21T21:08 7020665384827951/TRCD/100/ORDP//NAME
/E.J. de Regt e/o J.E. Pieterse/REMI/9092276870 7020665384827951
 HB/PURP//CD/EPAY/ISDT/2025-11-24
:61:251124C000000001188,28N100EREF//2947316
NL89SNSB0945962053
:86:/EREF/2025-11-21T16:35 7020574490918401/TRCD/100/ORDP//NAME
/B.A.F.M. de Vreede/REMI/9091651505 7020574490918401 EH/PURP//CD
/EPAY/ISDT/2025-11-24
:61:251124C000000000277,65N100EREF//2947317
NL36INGB0008628298
:86:/EREF/23-11-2025 14:49 7020206003061075/TRCD/100/ORDP//NAME
/A A Chamoun/REMI/9095542530 7020206003061075 VM/PURP//CD/EPAY
/ISDT/2025-11-24
:61:251124C000000000502,40N100EREF//2947318
NL19INGB0703928775
:86:/EREF/23-11-2025 14:31 7020496603032470/TRCD/100/ORDP//NAME
/Hr HC de Bruin/REMI/9095511380 7020496603032470 HH/PURP//CD
/EPAY/ISDT/2025-11-24
:61:251124C000000000268,35N100EREF//2947319
NL25INGB0105753335
:86:/EREF/21-11-2025 19:04 7020076893827477/TRCD/100/ORDP//NAME
/Hr H van den Berg,Mw SJ Wenda/REMI/9092029148 7020076893827477
 SL/PURP//CD/EPAY/ISDT/2025-11-24
:61:251124C000000000721,10N100EREF//2947320
NL94SNSB0947619984
:86:/EREF/2025-11-23T17:15 7020436308971258/TRCD/100/ORDP//NAME
/R.G. van Driest/REMI/9095816815 7020436308971258 VM/PURP//CD
/EPAY/ISDT/2025-11-24
:61:251124C000000000949,96N100EREF//2947321
NL93RBRB0982448600
:86:/EREF/2025-11-21T15:55 7020765687917849/TRCD/100/ORDP//NAME
/I. Staneke e/o C.M. Staneke-Remie/REMI/9091549046
 7020765687917849 PZ/PURP//CD/EPAY/ISDT/2025-11-24
:61:251124C000000001532,36N100EREF//2947322
NL86INGB0663406692
:86:/EREF/23-11-2025 11:58 7020834782093136/TRCD/100/ORDP//NAME
/Hr T M A Willemse en/of Mw E W C M Doggen/REMI/9095240055
 7020834782093136 AR/PURP//CD/EPAY/ISDT/2025-11-24
:61:251124C000000000200,00N100EREF//2947323
NL79INGB0651878659
:86:/EREF/22-11-2025 13:26 7020776888094876/TRCD/100/ORDP//NAME
/Hr S Cornelissen en/of Mw S Bisschop/REMI/9093475150
 7020776888094876 KV/PURP//CD/EPAY/ISDT/2025-11-24
:61:251124C000000000178,08N100EREF//2947324
NL23INGB0686461428
:86:/EREF/23-11-2025 18:55 7020155102853247/TRCD/100/ORDP//NAME
/Hr DJQW Giesekam/REMI/9096016291 7020155102853247 KM/PURP//CD
/EPAY/ISDT/2025-11-24
:61:251124C000000000296,80N100EREF//2947325
NL86SNSB8845037118
:86:/EREF/2025-11-21T20:07 7020445681917453/TRCD/100/ORDP//NAME
/T. Uenk e/o A. Mennink/REMI/9092173846 7020445681917453 HH/PURP
//CD/EPAY/ISDT/2025-11-24
:61:251124C000000000011,40N100EREF//2947326
NL98ABNA0412108631
:86:/EREF/21-11-2025 16:13 7020374482068563/TRCD/100/ORDP//NAME
/DJ VAN DER VELDT/REMI/9091599194 7020374482068563 HH/PURP//CD
/EPAY/ISDT/2025-11-24
:61:251124C000000000025,00N100EREF//2947327
NL45ABNA0575645474
:86:/EREF/21-11-2025 20:39 7020274182038905/TRCD/100/ORDP//NAME
/PN HIJA/REMI/9092229675 7020274182038905 VM/PURP//CD/EPAY/ISDT
/2025-11-24
:61:251124C000000001369,65N100EREF//2947328
NL65RBRB8842916757
:86:/EREF/2025-11-23T16:52 7020885700001537/TRCD/100/ORDP//NAME
/J.A. van Til/REMI/9095770890 7020885700001537 MD/PURP//CD/EPAY
/ISDT/2025-11-24
:61:251124C000000000814,76N100EREF//2947329
NL03SNSB0855321466
:86:/EREF/2025-11-22T16:00 7020585984824189/TRCD/100/ORDP//NAME
/K. de Jong/REMI/9093832932 7020585984824189 VM/PURP//CD/EPAY
/ISDT/2025-11-24
:61:251124C000000000138,90N100EREF//2947330
NL10INGB0005250159
:86:/EREF/22-11-2025 13:15 7020415408914624/TRCD/100/ORDP//NAME
/Hr A van der Lugt,Mw JK van der Lugt-Buurs/REMI/9093449180
 7020415408914624 KV/PURP//CD/EPAY/ISDT/2025-11-24
:61:251124C000000000002,00N100EREF//2947331
NL52INGB0009074986
:86:/EREF/23-11-2025 11:37 7020664488061225/TRCD/100/ORDP//NAME
/MW L Fijen/REMI/9095202126 7020664488061225 EP/PURP//CD/EPAY
/ISDT/2025-11-24
:61:251124C000000000085,90N100EREF//2947332
NL96INGB0005909957
:86:/EREF/22-11-2025 13:57 7020234199825158/TRCD/100/ORDP//NAME
/Mw J C Hammer en/of Hr R Derksen/REMI/9093539447
 7020234199825158 LH/PURP//CD/EPAY/ISDT/2025-11-24
:61:251124C000000000817,60N100EREF//2947333
NL49INGB0006676327
:86:/EREF/23-11-2025 11:41 7020496602943433/TRCD/100/ORDP//NAME
/Mw M A Strang/REMI/9095210034 7020496602943433 BF/PURP//CD/EPAY
/ISDT/2025-11-24
:61:251124C000000000441,24N100EREF//2947334
NL88INGB0004191649
:86:/EREF/23-11-2025 11:42 7020246588001480/TRCD/100/ORDP//NAME
/Mw T C A Ploeger en/of Hr H F G Jager/REMI/9095209255
 7020246588001480 EH/PURP//CD/EPAY/ISDT/2025-11-24
:61:251124C000000001576,20N100EREF//2947335
NL80INGB0433255676
:86:/EREF/22-11-2025 13:57 7020595984916742/TRCD/100/ORDP//NAME
/Mw K Willemsen/REMI/9093544859 7020595984916742 HH/PURP//CD
/EPAY/ISDT/2025-11-24
:61:251124C000000000185,00N100EREF//2947336
NL24INGB0686750179
:86:/EREF/23-11-2025 11:49 7020165103002191/TRCD/100/ORDP//NAME
/Mw J Hoekstra/REMI/9095222788 7020165103002191 EH/PURP//CD/EPAY
/ISDT/2025-11-24
:61:251124C000000000746,80N100EREF//2947337
NL02INGB0009474071
:86:/EREF/23-11-2025 14:31 7020634805851939/TRCD/100/ORDP//NAME
/Mw J de Bruin-van Duinen/REMI/9095507069 7020634805851939 HH
/PURP//CD/EPAY/ISDT/2025-11-24
:61:251124C000000000179,00N100EREF//2947338
NL77INGB0008031883
:86:/EREF/23-11-2025 14:15 7020655691002029/TRCD/100/ORDP//NAME
/Mw H C Kiela/REMI/9095481497 7020655691002029 EP/PURP//CD/EPAY
/ISDT/2025-11-24
:61:251124C000000000026,00N100EREF//2947339
NL51RBRB0919044239
:86:/EREF/2025-11-22T17:12 7020036899946931/TRCD/100/ORDP//NAME
/R.A.W. van Herpt e/o S.M.H.C. van Herpt-Maas/REMI/9094000585
 7020036899946931 EP/PURP//CD/EPAY/ISDT/2025-11-24
:61:251124C000000000418,65N100EREF//2947340
NL09INGB0007338102
:86:/EREF/23-11-2025 14:26 7020626890822017/TRCD/100/ORDP//NAME
/Hr G Veuger/REMI/9095503417 7020626890822017 ZV/PURP//CD/EPAY
/ISDT/2025-11-24
:61:251124C000000001198,65N100EREF//2947341
NL11SNSB0874932297
:86:/EREF/2025-11-23T12:54 7020084200061345/TRCD/100/ORDP//NAME
/R.C.H. van de Kerkhof/REMI/9095339176 7020084200061345 HH/PURP/
/CD/EPAY/ISDT/2025-11-24
:61:251124C000000000716,00N100EREF//2947342
NL42RBRB0978298888
:86:/EREF/2025-11-21T18:04 7020125684948779/TRCD/100/ORDP//NAME
/M.J. Ros e/o J.B.H.M. Ros-Verheij/REMI/9091878354
 7020125684948779 HB/PURP//CD/EPAY/ISDT/2025-11-24
:61:251124C000000000232,40N100EREF//2947343
NL94SNSB8840037594
:86:/EREF/2025-11-21T17:31 7020826590887615/TRCD/100/ORDP//NAME
/J. Wortelboer/REMI/9091803039 7020826590887615 ZV/PURP//CD/EPAY
/ISDT/2025-11-24
:61:251124C000000000802,20N100EREF//2947344
NL18SNSB0862563313
:86:/EREF/2025-11-22T15:20 7020945391095590/TRCD/100/ORDP//NAME
/A.C. Boonstra e/o W. Boonstra-Veenstra/REMI/9093737759
 7020945391095590 HH/PURP//CD/EPAY/ISDT/2025-11-24
:61:251124C000000000596,10N100EREF//2947345
NL11INGB0757482910
:86:/EREF/21-11-2025 22:56 7020305709097309/TRCD/100/ORDP//NAME
/Mw IS Smeltekop/REMI/9092449457 7020305709097309 HH/PURP//CD
/EPAY/ISDT/2025-11-24
:61:251124C000000000059,00N100EREF//2947346
NL56INGB0000814103
:86:/EREF/23-11-2025 11:53 7020585699973850/TRCD/100/ORDP//NAME
/Hr E Slieker/REMI/9095229967 7020585699973850 KV/PURP//CD/EPAY
/ISDT/2025-11-24
:61:251124C000000000490,78N100EREF//2947347
NL03INGB0004338000
:86:/EREF/21-11-2025 19:48 7020526588039049/TRCD/100/ORDP//NAME
/Hr J H Arts en Mw Mw M C T Arts-Alders/REMI/9092138445
 7020526588039049 PZ/PURP//CD/EPAY/ISDT/2025-11-24
:61:251124C000000000022,95N100EREF//2947348
NL84INGB0702021458
:86:/EREF/22-11-2025 10:48 7020385987854078/TRCD/100/ORDP//NAME
/Hr N Spoelstra, Mw I Spoelstra-Lebbing/REMI/9093102018
 7020385987854078 HH/PURP//CD/EPAY/ISDT/2025-11-24
:61:251124C000000000021,00N100EREF//2947349
NL08INGB0674017471
:86:/EREF/23-11-2025 14:34 7020944785063058/TRCD/100/ORDP//NAME
/Mw RF Pel-Brand/REMI/9095515872 7020944785063058 MD/PURP//CD
/EPAY/ISDT/2025-11-24
:61:251124C000000000064,25N100EREF//2947350
NL02INGB0008648892
:86:/EREF/22-11-2025 10:51 7020676005825491/TRCD/100/ORDP//NAME
/Hr R Veltman,Mw CS Grijspaardt/REMI/9093106478 7020676005825491
 EP/PURP//CD/EPAY/ISDT/2025-11-24
:61:251124C000000000917,20N100EREF//2947351
NL25SNSB0958017298
:86:/EREF/2025-11-23T17:45 7020686288093577/TRCD/100/ORDP//NAME
/J.H. de Graaf e/o H. de Graaf-Sanders/REMI/9095869094
 7020686288093577 HH/PURP//CD/EPAY/ISDT/2025-11-24
:61:251124C000000001289,85N100EREF//2947352
NL69SNSB0851477429
:86:/EREF/2025-11-21T22:12 7020305391007660/TRCD/100/ORDP//NAME
/L. Hekel e/o L.I.M. Hekel-Krahe e/o H.A.D. Rijkeboer/REMI
/9092385032 7020305391007660 EH/PURP//CD/EPAY/ISDT/2025-11-24
:61:251124C000000000030,00N100EREF//2947353
NL94INGB0006079549
:86:/EREF/23-11-2025 20:36 7020314805912143/TRCD/100/ORDP//NAME
/Hr PM Sluijter,Mw SMJ Sluijters/REMI/9096217750
 7020314805912143 PZ/PURP//CD/EPAY/ISDT/2025-11-24
:61:251124C000000000060,00N100EREF//2947354
NL89INGB0002630513
:86:/EREF/23-11-2025 20:34 7020596609063193/TRCD/100/ORDP//NAME
/Mw M Sakko, Hr DBA Groenendijk/REMI/9096214853 7020596609063193
 PZ/PURP//CD/EPAY/ISDT/2025-11-24
:61:251124C000000000106,00N100EREF//2947355
NL11INGB0003248449
:86:/EREF/22-11-2025 11:25 7020156006035590/TRCD/100/ORDP//NAME
/Mw SJ de Boer-Sprink/REMI/9093189851 7020156006035590 BS/PURP/
/CD/EPAY/ISDT/2025-11-24
:61:251124C000000000215,00N100EREF//2947356
NL65INGB0006354775
:86:/EREF/22-11-2025 04:37 7020865109064750/TRCD/100/ORDP//NAME
/Mw M Bouwes/REMI/9092685385 7020865109064750 MD/PURP//CD/EPAY
/ISDT/2025-11-24
:61:251124C000000000905,90N100EREF//2947357
NL47INGB0002414571
:86:/EREF/22-11-2025 10:27 7020576890916355/TRCD/100/ORDP//NAME
/Mw C J T M Vriens-Bekkers/REMI/9093050060 7020576890916355 SR
/PURP//CD/EPAY/ISDT/2025-11-24
:61:251124C000000003107,87N100EREF//2947358
NL63INGB0006819053
:86:/EREF/22-11-2025 11:19 7020006600036484/TRCD/100/ORDP//NAME
/Hr S F Metsemakers/REMI/9093172779 7020006600036484 EH/PURP//CD
/EPAY/ISDT/2025-11-24
:61:251124C000000000473,20N100EREF//2947359
NL53INGB0670376930
:86:/EREF/22-11-2025 11:38 7020866296974507/TRCD/100/ORDP//NAME
/Hr J Gutnik/REMI/9093224321 7020866296974507 HB/PURP//CD/EPAY
/ISDT/2025-11-24
:61:251124C000000000342,16N100EREF//2947360
NL96INGB0007016824
:86:/EREF/23-11-2025 19:58 7020006588033319/TRCD/100/ORDP//NAME
/Mw NEM van Dijk, Hr S Macanovic/REMI/9096153540
 7020006588033319 KM/PURP//CD/EPAY/ISDT/2025-11-24
:61:251124C000000000902,95N100EREF//2947361
NL17INGB0008326097
:86:/EREF/21-11-2025 22:12 7020474187888308/TRCD/100/ORDP//NAME
/Mw M van Rheenen, Hr mr D Bueving/REMI/9092384265
 7020474187888308 OD/PURP//CD/EPAY/ISDT/2025-11-24
:61:251124C000000000843,25N100EREF//2947362
NL53INGB0007819982
:86:/EREF/23-11-2025 14:26 7020985687972887/TRCD/100/ORDP//NAME
/Hr M Breedveld, Mw S Breedveld-Muller/REMI/9095501028
 7020985687972887 HB/PURP//CD/EPAY/ISDT/2025-11-24
:61:251124C000000001865,70N100EREF//2947363
NL26INGB0008561839
:86:/EREF/23-11-2025 14:20 7020416581821840/TRCD/100/ORDP//NAME
/Hr B Janssen,Mw OLJ Michielsens/REMI/9095492547
 7020416581821840 MD/PURP//CD/EPAY/ISDT/2025-11-24
:61:251124C000000001035,00N100EREF//2947364
NL02INGB0629934959
:86:/EREF/23-11-2025 11:30 7020646597092995/TRCD/100/ORDP//NAME
/Mw A Solleveld/REMI/9095190095 7020646597092995 ZV/PURP//CD
/EPAY/ISDT/2025-11-24
:61:251124C000000000098,00N100EREF//2947365
NL63INGB0004290942
:86:/EREF/22-11-2025 12:14 7020654494036169/TRCD/100/ORDP//NAME
/Hr R Tangerink,Mw SR Tangerink-Tokkie/REMI/9093308774
 7020654494036169 MD/PURP//CD/EPAY/ISDT/2025-11-24
:61:251124C000000000721,70N100EREF//2947366
NL25ABNA0574809112
:86:/EREF/23-11-2025 22:02 7020316297093202/TRCD/100/ORDP//NAME
/J F VAN WASSENBERG/REMI/9096381031 7020316297093202 VN/PURP//CD
/EPAY/ISDT/2025-11-24
:61:251124C000000000615,26N100EREF//2947367
NL62ABNA0438234774
:86:/EREF/23-11-2025 14:29 7020556602852362/TRCD/100/ORDP//NAME
/J VAN ENCK CJ/REMI/9095506020 7020556602852362 PZ/PURP//CD/EPAY
/ISDT/2025-11-24
:61:251124C000000001148,80N100EREF//2947368
NL44ABNA0825485967
:86:/EREF/22-11-2025 16:09 7020106596825323/TRCD/100/ORDP//NAME
/VELDEN Y VAN DER/REMI/9093860408 7020106596825323 KV/PURP//CD
/EPAY/ISDT/2025-11-24
:61:251124C000000000732,48N100EREF//2947369
NL43ABNA0512330603
:86:/EREF/22-11-2025 16:23 7020386590946673/TRCD/100/ORDP//NAME
/SC YU/REMI/9093885069 7020386590946673 PZ/PURP//CD/EPAY/ISDT
/2025-11-24
:61:251124C000000000215,00N100EREF//2947370
NL43ABNA0248878506
:86:/EREF/22-11-2025 17:12 7020396302885518/TRCD/100/ORDP//NAME
/N KROS CJ/REMI/9093998985 7020396302885518 EH/PURP//CD/EPAY
/ISDT/2025-11-24
:61:251124C000000000592,24N100EREF//2947371
NL29ABNA0432621202
:86:/EREF/22-11-2025 17:57 7020975094095899/TRCD/100/ORDP//NAME
/B MOTSHAGEN CJ/REMI/9094101935 7020975094095899 EH/PURP//CD
/EPAY/ISDT/2025-11-24
:61:251124C000000000022,50N100EREF//2947372
NL41REVO6683254261
:86:/EREF/22-11-2025 19:40 7020946300094069/TRCD/100/ORDP//NAME
/VIKTORIYA GUBANOVA/REMI/9094404769 7020946300094069 ZV/PURP//CD
/EPAY/ISDT/2025-11-24
:61:251124C000000000453,40N100EREF//2947373
NL68ABNA0623395541
:86:/EREF/21-11-2025 17:51 7020014503037852/TRCD/100/ORDP//NAME
/H ESSAMII/REMI/9091851842 7020014503037852 HB/PURP//CD/EPAY
/ISDT/2025-11-24
:61:251124C000000000390,40N100EREF//2947374
BE97650500910249
:86:/EREF/21-11-2025 19:37 7020515387947792/TRCD/100/ORDP//NAME
/Noah Orueta/REMI/9092226709 7020515387947792 HB/PURP//CD/EPAY
/ISDT/2025-11-24
:61:251124C000000001135,32N100EREF//2947375
NL23INGB0000492560
:86:/EREF/22-11-2025 11:34 7020345091065857/TRCD/100/ORDP//NAME
/Hr A J J Bon en/of Mw M A Eefting/REMI/9093212314
 7020345091065857 EH/PURP//CD/EPAY/ISDT/2025-11-24
:61:251124C000000000215,60N100EREF//2947376
NL02INGB0681324201
:86:/EREF/22-11-2025 08:59 7020285691064762/TRCD/100/ORDP//NAME
/Mw RM Breuers/REMI/9092872251 7020285691064762 ZV/PURP//CD/EPAY
/ISDT/2025-11-24
:61:251124C000000000740,80N100EREF//2947377
NL06INGB0005578770
:86:/EREF/23-11-2025 15:03 7020434490881123/TRCD/100/ORDP//NAME
/Hr HJ Heres,Mw J Heres-Ruitenbeek/REMI/9095568558
 7020434490881123 NO/PURP//CD/EPAY/ISDT/2025-11-24
:61:251124C000000000700,90N100EREF//2947378
NL59INGB0657976148
:86:/EREF/23-11-2025 20:29 7020116887913715/TRCD/100/ORDP//NAME
/Hr RL van Lente, Mw A van der Sluis/REMI/9096204672
 7020116887913715 HH/PURP//CD/EPAY/ISDT/2025-11-24
:61:251124C000000000551,00N100EREF//2947379
NL44INGB0003232432
:86:/EREF/22-11-2025 09:04 7020536281884462/TRCD/100/ORDP//NAME
/Hr A Kuppers en Mw M A Kuppers-van Pinxten/REMI/9092878784
 7020536281884462 KV/PURP//CD/EPAY/ISDT/2025-11-24
:61:251124C000000000424,98N100EREF//2947380
NL55INGB0009391734
:86:/EREF/22-11-2025 10:06 7020155087824762/TRCD/100/ORDP//NAME
/Mw LM van der Horst/REMI/9093000140 7020155087824762 HH/PURP/
/CD/EPAY/ISDT/2025-11-24
:61:251124C000000000114,00N100EREF//2947381
NL23INGB0675419433
:86:/EREF/22-11-2025 11:20 7020946588006523/TRCD/100/ORDP//NAME
/Hr M Woudstra, Mw CM de Keijzer/REMI/9093181988
 7020946588006523 HE/PURP//CD/EPAY/ISDT/2025-11-24
:61:251124C000000001026,00N100EREF//2947382
NL86INGB0003307530
:86:/EREF/22-11-2025 15:44 7020496294035392/TRCD/100/ORDP//NAME
/Mw S van den Heuvel/REMI/9093797054 7020496294035392 KV/PURP/
/CD/EPAY/ISDT/2025-11-24
:61:251124C000000000430,10N100EREF//2947383
NL39INGB0672362287
:86:/EREF/22-11-2025 21:24 7020075705856187/TRCD/100/ORDP//NAME
/Mw M Seijen ten Hoorn, Hr WA Bleijswijk/REMI/9094464759
 7020075705856187 ZV/PURP//CD/EPAY/ISDT/2025-11-24
:61:251124C000000000337,85N100EREF//2947384
NL86INGB0669713147
:86:/EREF/21-11-2025 17:36 7020094190979601/TRCD/100/ORDP//NAME
/Mw G Koster,Hr R Vonk/REMI/9091809687 7020094190979601 HH/PURP/
/CD/EPAY/ISDT/2025-11-24
:61:251124C000000000058,00N100EREF//2947385
NL12INGB0662461886
:86:/EREF/23-11-2025 20:20 7020166903001531/TRCD/100/ORDP//NAME
/RCCM Thomassen-Posthumus,Hr S Thomassen/REMI/9096192113
 7020166903001531 HB/PURP//CD/EPAY/ISDT/2025-11-24
:61:251124C000000000062,00N100EREF//2947386
NL09INGB0656026960
:86:/EREF/23-11-2025 11:45 7020704196911543/TRCD/100/ORDP//NAME
/Hr FS Schraa,Mw S Brouwer/REMI/9095217522 7020704196911543 BS
/PURP//CD/EPAY/ISDT/2025-11-24
:61:251124C000000000076,50N100EREF//2947387
NL10INGB0004332248
:86:/EREF/22-11-2025 11:35 7020236600094138/TRCD/100/ORDP//NAME
/Mw A R Klein en/of Mw M L G Lindeboom/REMI/9093217122
 7020236600094138 SR/PURP//CD/EPAY/ISDT/2025-11-24
:61:251124C000000000085,50N100EREF//2947388
NL19INGB0002928981
:86:/EREF/22-11-2025 08:57 7020596585096610/TRCD/100/ORDP//NAME
/M Bandel/REMI/9092864965 7020596585096610 HB/PURP//CD/EPAY/ISDT
/2025-11-24
:61:251124C000000000010,00N100EREF//2947389
NL54ABNA0801652014
:86:/EREF/21-11-2025 19:23 7020576302979181/TRCD/100/ORDP//NAME
/VEGT M VAN DER CJ/REMI/9092079391 7020576302979181 MD/PURP//CD
/EPAY/ISDT/2025-11-24
:61:251124C000000000228,72N100EREF//2947390
NL09INGB0718065735
:86:/EREF/23-11-2025 13:59 7020975091003913/TRCD/100/ORDP//NAME
/Mw M van Herk,Hr MP Brouwer/REMI/9095450725 7020975091003913 KM
/PURP//CD/EPAY/ISDT/2025-11-24
:61:251124C000000000098,75N100EREF//2947391
NL29INGB0006864285
:86:/EREF/22-11-2025 10:52 7020696888034930/TRCD/100/ORDP//NAME
/Hr S Bos/REMI/9093113214 7020696888034930 EP/PURP//CD/EPAY/ISDT
/2025-11-24
:61:251124C000000000363,10N100EREF//2947392
NL66INGB0663065224
:86:/EREF/23-11-2025 15:07 7020316002883613/TRCD/100/ORDP//NAME
/Hr J Hooijmans/REMI/9095575375 7020316002883613 KV/PURP//CD
/EPAY/ISDT/2025-11-24
:61:251124C000000000220,25N100EREF//2947393
NL94INGB0006282473
:86:/EREF/23-11-2025 11:09 7020466008852923/TRCD/100/ORDP//NAME
/Hr F Stavleu en/of Mw A Ligtvoet/REMI/9095149180
 7020466008852923 LH/PURP//CD/EPAY/ISDT/2025-11-24
:61:251124C000000000086,85N100EREF//2947394
NL35INGB0005826762
:86:/EREF/22-11-2025 05:49 7020426893915122/TRCD/100/ORDP//NAME
/Mw A du Prie/REMI/9092721924 7020426893915122 HE/PURP//CD/EPAY
/ISDT/2025-11-24
:61:251124C000000000385,80N100EREF//2947395
NL41SNSB8838182744
:86:/EREF/2025-11-22T13:29 7020984803066154/TRCD/100/ORDP//NAME
/H.O. Hegeman e/o B.T.J. Rasing/REMI/9093479676 7020984803066154
 EH/PURP//CD/EPAY/ISDT/2025-11-24
:61:251124C000000000823,27N100EREF//2947396
NL14ABNA0565434454
:86:/EREF/21-11-2025 20:26 7020315700069046/TRCD/100/ORDP//NAME
/SM KLOOSTERMAN/REMI/9092209678 7020315700069046 SL/PURP//CD
/EPAY/ISDT/2025-11-24
:61:251124C000000000462,05N100EREF//2947397
NL51KNAB0777003228
:86:/EREF/2025-11-21T09:49 7020315684889859/TRCD/100/ORDP//NAME
/Fantastische Vloer Renovat/REMI/9092439607 7020315684889859 HB
/PURP//CD/EPAY/ISDT/2025-11-24
:61:251124C000000000932,92N100EREF//2947398
NL80ABNA0402310306
:86:/EREF/24-11-2025 07:40 7020914805908399/TRCD/100/ORDP//NAME
/CCAJ SPEEKENBRINK CJ/REMI/9096853816 7020914805908399 KM/PURP/
/CD/EPAY/ISDT/2025-11-24
:61:251124C000000000444,00N100EREF//2947399
NL50ABNA0430674325
:86:/EREF/24-11-2025 07:53 7020164185089947/TRCD/100/ORDP//NAME
/P SPIJKERMAN/REMI/9096871878 7020164185089947 KV/PURP//CD/EPAY
/ISDT/2025-11-24
:61:251124C000000000985,98N541EREF//2947400
NL75ABNA0493013156
:86:/EREF/2947400/TRCD/541/ORDP//NAME/I YASEMIN CJ/REMI
/Reserveringnummer 3301463/ISDT/2025-11-24
:61:251124C000000000348,05N100EREF//2947401
NL85RABO0118050532
:86:/EREF/24-11-2025 10:15 7020225697060424/TRCD/100/ORDP//NAME
/J.C. Slagter eo M. Lubbersen/REMI/9097160007 7020225697060424
 BK xui-99797839/PURP//CD/EPAY/ISDT/2025-11-24
:61:251124C000000000215,00N100EREF//2947402
NL32RABO0330560638
:86:/EREF/24-11-2025 10:19 7020184790848354/TRCD/100/ORDP//NAME
/M. Jonkman/REMI/9097171727 7020184790848354 EH xui-38010277
/PURP//CD/EPAY/ISDT/2025-11-24
:61:251124C000000000337,90N100EREF//2947403
NL95TRIO0338405623
:86:/EREF/22-11-25 06:20 7020324494096592/TRCD/100/ORDP//NAME/M.
 ter Brugge en/of M.G./REMI/9092724416 7020324494096592 MD/PURP/
/CD/EPAY/ISDT/2025-11-24
:61:251124C000000001571,40N100EREF//2947404
NL49TRIO0198522169
:86:/EREF/21-11-25 20:58 7020915097008767/TRCD/100/ORDP//NAME
/W.S. Bor en/of M. Bor-de/REMI/9092259841 7020915097008767 ZV
/PURP//CD/EPAY/ISDT/2025-11-24
:61:251124C000000000151,00N100EREF//2947405
NL74TRIO0379653990
:86:/EREF/23-11-25 12:16 7020124790821624/TRCD/100/ORDP//NAME/De
 Natuurmakerij/REMI/9095274531 7020124790821624 LH/PURP//CD/EPAY
/ISDT/2025-11-24
:61:251124C000000001878,80N100EREF//2947406
NL59TRIO0390521558
:86:/EREF/22-11-25 15:41 7020176008916013/TRCD/100/ORDP//NAME/9
-Design/REMI/9093785672 7020176008916013 KV/PURP//CD/EPAY/ISDT
/2025-11-24
:61:251124C000000000968,16N100EREF//2947407
NL65TRIO0390133256
:86:/EREF/22-11-25 14:08 7020675402824510/TRCD/100/ORDP//NAME
/C.J. Trouw/REMI/9093569227 7020675402824510 PZ/PURP//CD/EPAY
/ISDT/2025-11-24
:61:251124C000000000383,65N100EREF//2947408
NL78KNAB0616674449
:86:/EREF/2025-11-22T08:33 7020016599915662/TRCD/100/ORDP//NAME
/M. D. Kapteijn en/of D. J./REMI/9094478713 7020016599915662 SR
/PURP//CD/EPAY/ISDT/2025-11-24
:61:251124C000000000005,00N100EREF//2947409
NL31KNAB0257187669
:86:/EREF/2025-11-22T01:19 7020676581855062/TRCD/100/ORDP//NAME
/E. G. Sikkes en/of D. M. M/REMI/9093598291 7020676581855062 ZV
/PURP//CD/EPAY/ISDT/2025-11-24
:61:251124C000000000423,00N100EREF//2947410
NL91KNAB0418488762
:86:/EREF/2025-11-21T02:40 7020485096888863/TRCD/100/ORDP//NAME
/C. Haan en/of C.J.E. Drees/REMI/9091513469 7020485096888863 MD
/PURP//CD/EPAY/ISDT/2025-11-24
:61:251124C000000000056,85N100EREF//2947411
NL16INGB0008570458
:86:/EREF/22-11-2025 20:30 7020486896944249/TRCD/100/ORDP//NAME
/Mw E Clemens/REMI/9094392047 7020486896944249 MD/PURP//CD/EPAY
/ISDT/2025-11-24
:61:251124C000000000159,80N100EREF//2947412
NL54ABNA0801652014
:86:/EREF/22-11-2025 17:07 7020705090854960/TRCD/100/ORDP//NAME
/VEGT M VAN DER CJ/REMI/9093990571 7020705090854960 MD/PURP//CD
/EPAY/ISDT/2025-11-24
:61:251124C000000000652,44N100EREF//2947413
NL61INGB0007189920
:86:/EREF/23-11-2025 11:52 7020865093881789/TRCD/100/ORDP//NAME
/Mw M G I Postma-Miltenburg en/of Hr H J Postma/REMI/9095228661
 7020865093881789 SR/PURP//CD/EPAY/ISDT/2025-11-24
:61:251124C000000000313,90N100EREF//2947414
NL67INGB0002803084
:86:/EREF/23-11-2025 12:27 7020514508852872/TRCD/100/ORDP//NAME
/Mw M Jacobs/REMI/9095291162 7020514508852872 HH/PURP//CD/EPAY
/ISDT/2025-11-24
:61:251124C000000000884,46N100EREF//2947415
NL97INGB0005619715
:86:/EREF/22-11-2025 08:36 7020896305885995/TRCD/100/ORDP//NAME
/Mw C van Renssen/REMI/9092833390 7020896305885995 ZV/PURP//CD
/EPAY/ISDT/2025-11-24
:61:251124C000000000129,40N100EREF//2947416
NL52INGB0001022434
:86:/EREF/22-11-2025 10:29 7020766590945770/TRCD/100/ORDP//NAME
/Hr J J J van Emst/REMI/9093054659 7020766590945770 LH/PURP//CD
/EPAY/ISDT/2025-11-24
:61:251124C000000000797,00N100EREF//2947417
NL92INGB0005528334
:86:/EREF/22-11-2025 10:42 7020196303035608/TRCD/100/ORDP//NAME
/Hr J S A Bastiaanse e/o Mw M Bastiaanse-Ingenbleek/REMI
/9093087025 7020196303035608 ZV/PURP//CD/EPAY/ISDT/2025-11-24
:61:251124C000000000793,04N100EREF//2947418
NL43INGB0006542187
:86:/EREF/21-11-2025 21:59 7020416599917507/TRCD/100/ORDP//NAME
/Hr D Ras en/of Mw C Moes/REMI/9092363340 7020416599917507 LH
/PURP//CD/EPAY/ISDT/2025-11-24
:61:251124C000000000075,00N100EREF//2947419
NL07INGB0004096204
:86:/EREF/23-11-2025 15:20 7020116896941171/TRCD/100/ORDP//NAME
/Hr CJ Heijkoop,Mw RJ Heijkoop-Santhagen/REMI/9095598816
 7020116896941171 ZV/PURP//CD/EPAY/ISDT/2025-11-24
:61:251124C000000003976,00N100EREF//2947420
NL23INGB0002458847
:86:/EREF/22-11-2025 13:52 7020384787824819/TRCD/100/ORDP//NAME
/Hr J A A Ammerlaan en Mw Chr L M Ammerlaan-V Klink/REMI
/9093532240 7020384787824819 KV/PURP//CD/EPAY/ISDT/2025-11-24
:61:251124C000000307412,22N541EREF//2947421
DE88500700100175526303
:86:/EREF/YYW1046385655654 PP AFSCHRIJVING/TRCD/541/ORDP//NAME
/PayPal (Europe) S.a r.l. et Cie, S.C.A./REMI/YYW1046385655654 
 PAYPAL/ISDT/2025-11-24
:61:251124C000000000239,60N100EREF//2947422
NL36RABO0159152739
:86:/EREF/24-11-2025 10:20 7020615681819647/TRCD/100/ORDP//NAME
/K. de Lange eo F.S. de Lange-Steeneveld/REMI/9097166519
 7020615681819647 ZV xui-43966489/PURP//CD/EPAY/ISDT/2025-11-24
:61:251124C000000000537,48N100EREF//2947423
NL71RABO0301075913
:86:/EREF/24-11-2025 10:20 7020806300090586/TRCD/100/ORDP//NAME
/W.R. Klerk eo S.I.L. Franken/REMI/9097173110 7020806300090586
 EP xui-51443835/PURP//CD/EPAY/ISDT/2025-11-24
:61:251124C000000000250,00N100EREF//2947424
NL24RABO0387087338
:86:/EREF/24-11-2025 10:22 7020186908969428/TRCD/100/ORDP//NAME
/H. Rozeboom eo H.E. Rozeboom-van Wijde/REMI/9097173322
 7020186908969428 LH xui-65993300/PURP//CD/EPAY/ISDT/2025-11-24
:61:251124C000000001685,12N100EREF//2947425
NL98RABO0159138043
:86:/EREF/24-11-2025 10:12 7020274500000838/TRCD/100/ORDP//NAME
/A.A. Roetman/REMI/9097150712 7020274500000838 SL xui-91119298
/PURP//CD/EPAY/ISDT/2025-11-24
:61:251124C000000000177,00N100EREF//2947426
NL26ABNA0502825006
:86:/EREF/22-11-2025 21:34 7020165090944126/TRCD/100/ORDP//NAME
/YOUSSRA ACHERRAT/REMI/9094484565 7020165090944126 KV/PURP//CD
/EPAY/ISDT/2025-11-24
:61:251124C000000001814,60N100EREF//2947427
NL10ABNA0894268600
:86:/EREF/22-11-2025 22:32 7020676587914270/TRCD/100/ORDP//NAME
/SCHOLTEN D G CJ/REMI/9094560903 7020676587914270 KV/PURP//CD
/EPAY/ISDT/2025-11-24
:61:251124C000000000590,42N100EREF//2947428
NL93INGB0003500725
:86:/EREF/22-11-2025 11:28 7020314803034771/TRCD/100/ORDP//NAME
/Mw S van Voorst/REMI/9093199435 7020314803034771 HE/PURP//CD
/EPAY/ISDT/2025-11-24
:61:251124C000000000691,90N100EREF//2947429
NL08ABNA0615791336
:86:/EREF/23-11-2025 20:55 7020694794001906/TRCD/100/ORDP//NAME
/TE WAGENAAR/REMI/9096257382 7020694794001906 BK/PURP//CD/EPAY
/ISDT/2025-11-24
:61:251124C000000000215,84N100EREF//2947430
NL72RABO0137114176
:86:/EREF/24-11-2025 10:26 7020866305880922/TRCD/100/ORDP//NAME
/D.M.W.A. van der Lee eo S. Henskens/REMI/9097182451
 7020866305880922 LH xui-39514808/PURP//CD/EPAY/ISDT/2025-11-24
:61:251124C000000000059,00N541EREF//2947431
NL06INGB0522242383
:86:/EREF/2947431/TRCD/541/ORDP//NAME/Hr HJ Kolbrink/REMI/745592
 boeking/ISDT/2025-11-24
:61:251124C000000000450,24N100EREF//2947432
NL54RABO0378353403
:86:/EREF/24-11-2025 10:26 7020836602998090/TRCD/100/ORDP//NAME
/C.J.M. v.Leuveren-v.Dijk/REMI/9097182453 7020836602998090 EH
 xui-81542919/PURP//CD/EPAY/ISDT/2025-11-24
:61:251124C000000000007,00N100EREF//2947433
NL79RABO0128071613
:86:/EREF/24-11-2025 10:27 7020394506088216/TRCD/100/ORDP//NAME
/M. Troost/REMI/9097186165 7020394506088216 HB xui-14978398/PURP
//CD/EPAY/ISDT/2025-11-24
:61:251124C000000000190,15N100EREF//2947434
NL59RABO0343526336
:86:/EREF/24-11-2025 10:30 7020575097058153/TRCD/100/ORDP//NAME
/N. Arends/REMI/9097194549 7020575097058153 HH xui-80087526/PURP
//CD/EPAY/ISDT/2025-11-24
:61:251124C000000000250,00N100EREF//2947435
NL92ABNA0574071482
:86:/EREF/23-11-2025 15:10 7020645384971540/TRCD/100/ORDP//NAME
/EMILY BRANTSMA/REMI/9095582529 7020645384971540 VM/PURP//CD
/EPAY/ISDT/2025-11-24
:61:251124C000000000014,10N100EREF//2947436
NL85ABNA0557069157
:86:/EREF/22-11-2025 13:14 7020515397064327/TRCD/100/ORDP//NAME
/A W DEN UIJL CJ/REMI/9093450445 7020515397064327 KV/PURP//CD
/EPAY/ISDT/2025-11-24
:61:251124C000000000617,00N100EREF//2947437
NL18ABNA0624905373
:86:/EREF/23-11-2025 19:41 7020645082063844/TRCD/100/ORDP//NAME
/G STEGE CJ/REMI/9096115894 7020645082063844 EH/PURP//CD/EPAY
/ISDT/2025-11-24
:61:251124C000000000100,95N100EREF//2947438
NL55ABNA0975271229
:86:/EREF/22-11-2025 13:02 7020605084885218/TRCD/100/ORDP//NAME
/LG THEEUWEN/REMI/9093415564 7020605084885218 MD/PURP//CD/EPAY
/ISDT/2025-11-24
:61:251124C000000000722,20N100EREF//2947439
NL52ABNA0406482004
:86:/EREF/23-11-2025 19:17 7020526281823124/TRCD/100/ORDP//NAME
/F ELKANFOUDI/REMI/9096052408 7020526281823124 SR/PURP//CD/EPAY
/ISDT/2025-11-24
:61:251124C000000001128,00N100EREF//2947440
NL85ABNA0404763928
:86:/EREF/23-11-2025 18:14 7020614794092428/TRCD/100/ORDP//NAME
/ME KEUNEN/REMI/9095935581 7020614794092428 ZV/PURP//CD/EPAY
/ISDT/2025-11-24
:61:251124C000000001766,00N100EREF//2947441
NL63ABNA0109113950
:86:/EREF/23-11-2025 18:50 7020834488091363/TRCD/100/ORDP//NAME
/R S J HOOGSTRAATEN CJ/REMI/9096003476 7020834488091363 SL/PURP/
/CD/EPAY/ISDT/2025-11-24
:61:251124C000000000283,00N100EREF//2947442
NL28ABNA0501491414
:86:/EREF/21-11-2025 22:34 7020146905918875/TRCD/100/ORDP//NAME
/DT DE BEER/REMI/9092419714 7020146905918875 LH/PURP//CD/EPAY
/ISDT/2025-11-24
:61:251124C000000000631,44N100EREF//2947443
NL93ABNA0555246965
:86:/EREF/23-11-2025 19:20 7020205999943925/TRCD/100/ORDP//NAME
/WILLY JAN PRIJS CJ/REMI/9096064680 7020205999943925 KM/PURP//CD
/EPAY/ISDT/2025-11-24
:61:251124C000000000177,48N100EREF//2947444
NL12ABNA0501845267
:86:/EREF/22-11-2025 12:03 7020486605944021/TRCD/100/ORDP//NAME
/BRECHJE RAAS/REMI/9093280983 7020486605944021 KM/PURP//CD/EPAY
/ISDT/2025-11-24
:61:251124C000000004030,76N100EREF//2947445
NL79ABNA0119956128
:86:/EREF/23-11-2025 17:10 7020644481972683/TRCD/100/ORDP//NAME
/R HEINSIUS CJ/REMI/9095810629 7020644481972683 SL/PURP//CD/EPAY
/ISDT/2025-11-24
:61:251124C000000000250,00N100EREF//2947446
NL31ABNA0434585319
:86:/EREF/23-11-2025 16:57 7020214188062341/TRCD/100/ORDP//NAME
/LS MOUWEN/REMI/9095783186 7020214188062341 EP/PURP//CD/EPAY
/ISDT/2025-11-24
:61:251124C000000000687,60N100EREF//2947447
NL57ABNA0511928092
:86:/EREF/23-11-2025 17:11 7020545985003271/TRCD/100/ORDP//NAME
/HC HOLLEBOOM CJ/REMI/9095810840 7020545985003271 EP/PURP//CD
/EPAY/ISDT/2025-11-24
:61:251124C000000000185,00N100EREF//2947448
NL52ABNA0800842294
:86:/EREF/23-11-2025 16:25 7020374785031138/TRCD/100/ORDP//NAME
/FLUIT S/REMI/9095720166 7020374785031138 BS/PURP//CD/EPAY/ISDT
/2025-11-24
:61:251124C000000000112,00N100EREF//2947449
NL18ABNA0624905373
:86:/EREF/23-11-2025 19:48 7020035684973430/TRCD/100/ORDP//NAME
/G STEGE CJ/REMI/9096128164 7020035684973430 EH/PURP//CD/EPAY
/ISDT/2025-11-24
:61:251124C000000000060,00N100EREF//2947450
NL97ABNA0494233990
:86:/EREF/23-11-2025 12:54 7020324796882848/TRCD/100/ORDP//NAME
/RG VAN KUIJEREN/REMI/9095337553 7020324796882848 VM/PURP//CD
/EPAY/ISDT/2025-11-24
:61:251124C000000000222,82N100EREF//2947451
NL41ABNA0436584212
:86:/EREF/23-11-2025 11:52 7020574809001459/TRCD/100/ORDP//NAME
/CJM KROON KOK/REMI/9095226030 7020574809001459 EH/PURP//CD/EPAY
/ISDT/2025-11-24
:61:251124C000000000473,36N100EREF//2947452
NL09ABNA0619850574
:86:/EREF/23-11-2025 20:29 7020085388063955/TRCD/100/ORDP//NAME
/J DOPPENBERG CJ/REMI/9096210177 7020085388063955 HA/PURP//CD
/EPAY/ISDT/2025-11-24
:61:251124C000000000278,96N100EREF//2947453
NL60ABNA0862458102
:86:/EREF/22-11-2025 18:14 7020765693885569/TRCD/100/ORDP//NAME
/J MOL CJ/REMI/9094137126 7020765693885569 AR/PURP//CD/EPAY/ISDT
/2025-11-24
:61:251124C000000000724,25N100EREF//2947454
NL47ABNA0125498217
:86:/EREF/22-11-2025 14:35 7020476896945554/TRCD/100/ORDP//NAME
/M L HUIJGEN CJ/REMI/9093627836 7020476896945554 MD/PURP//CD
/EPAY/ISDT/2025-11-24
:61:251124C000000000606,49N100EREF//2947455
NL20ABNA0976866927
:86:/EREF/23-11-2025 17:48 7020545388093100/TRCD/100/ORDP//NAME
/ADMIRAAL N/REMI/9095880425 7020545388093100 EH/PURP//CD/EPAY
/ISDT/2025-11-24
:61:251124C000000002004,10N100EREF//2947456
NL66ABNA0496471465
:86:/EREF/22-11-2025 15:01 7020035399915491/TRCD/100/ORDP//NAME
/W F WORMSBECHER CJ/REMI/9093695272 7020035399915491 HH/PURP//CD
/EPAY/ISDT/2025-11-24
:61:251124C000000000322,20N100EREF//2947457
NL32ABNA0147519233
:86:/EREF/22-11-2025 20:51 7020346899974420/TRCD/100/ORDP//NAME
/B OLIJVE/REMI/9094423130 7020346899974420 HH/PURP//CD/EPAY/ISDT
/2025-11-24
:61:251124C000000000866,00N100EREF//2947458
NL05ABNA0420108149
:86:/EREF/23-11-2025 21:42 7020336606033748/TRCD/100/ORDP//NAME
/M HOMANS CJ/REMI/9096345434 7020336606033748 KV/PURP//CD/EPAY
/ISDT/2025-11-24
:61:251124C000000000076,50N100EREF//2947459
NL38ABNA0807546410
:86:/EREF/23-11-2025 14:40 7020225397032008/TRCD/100/ORDP//NAME
/BLOK J W CJ/REMI/9095523390 7020225397032008 HH/PURP//CD/EPAY
/ISDT/2025-11-24
:61:251124C000000000273,16N100EREF//2947460
NL11ABNA0523862539
:86:/EREF/23-11-2025 14:49 7020365381941480/TRCD/100/ORDP//NAME
/H KEVENAAR/REMI/9095540881 7020365381941480 KM/PURP//CD/EPAY
/ISDT/2025-11-24
:61:251124C000000000259,75N100EREF//2947461
NL84ABNA0510450393
:86:/EREF/23-11-2025 13:46 7020796300091486/TRCD/100/ORDP//NAME
/TJ SCHEENSTRA/REMI/9095428444 7020796300091486 HH/PURP//CD/EPAY
/ISDT/2025-11-24
:61:251124C000000000449,65N100EREF//2947462
NL12ABNA0591913259
:86:/EREF/22-11-2025 20:56 7020295400065236/TRCD/100/ORDP//NAME
/R KUBBE CJ/REMI/9094429851 7020295400065236 HB/PURP//CD/EPAY
/ISDT/2025-11-24
:61:251124C000000000448,46N100EREF//2947463
NL88ABNA0619073152
:86:/EREF/23-11-2025 22:24 7020544808852404/TRCD/100/ORDP//NAME
/JF LEEMHUIS CJ/REMI/9096421498 7020544808852404 EH/PURP//CD
/EPAY/ISDT/2025-11-24
:61:251124C000000000889,24N100EREF//2947464
NL10ABNA0546918972
:86:/EREF/22-11-2025 15:23 7020565981946583/TRCD/100/ORDP//NAME
/BJNM GEUTJES CJ/REMI/9093748936 7020565981946583 EH/PURP//CD
/EPAY/ISDT/2025-11-24
:61:251124C000000000084,00N100EREF//2947465
NL52ABNA0628394918
:86:/EREF/23-11-2025 21:29 7020886306033157/TRCD/100/ORDP//NAME
/M VAN MEERTEN CJ/REMI/9096322868 7020886306033157 ZV/PURP//CD
/EPAY/ISDT/2025-11-24
:61:251124C000000000477,44N100EREF//2947466
NL12ABNA0422878537
:86:/EREF/23-11-2025 20:45 7020554182062443/TRCD/100/ORDP//NAME
/E G VELTHUIS CJ/REMI/9096233176 7020554182062443 KM/PURP//CD
/EPAY/ISDT/2025-11-24
:61:251124C000000000015,00N100EREF//2947467
NL81RABO0158515609
:86:/EREF/24-11-2025 10:30 7020376008850331/TRCD/100/ORDP//NAME
/H.T. Clevering eo M. de Haan/REMI/9097194650 7020376008850331
 HH xui-80086010/PURP//CD/EPAY/ISDT/2025-11-24
:61:251124C000000000365,00N100EREF//2947468
NL63RABO0354823078
:86:/EREF/24-11-2025 10:32 7020155399940862/TRCD/100/ORDP//NAME
/L.E. Das/REMI/9097206089 7020155399940862 ZV xui-94431069/PURP/
/CD/EPAY/ISDT/2025-11-24
:61:251124C000000000024,00N100EREF//2947469
NL65RABO0157131513
:86:/EREF/24-11-2025 10:33 7020346608820655/TRCD/100/ORDP//NAME
/M. Hendrickx/REMI/9097201210 7020346608820655 PZ xui-10247775
/PURP//CD/EPAY/ISDT/2025-11-24
:61:251124C000000000862,61N100EREF//2947470
NL30ABNA0575668733
:86:/EREF/22-11-2025 21:32 7020355982006844/TRCD/100/ORDP//NAME
/C OPPELAAR/REMI/9094477186 7020355982006844 VM/PURP//CD/EPAY
/ISDT/2025-11-24
:61:251124C000000001041,75N100EREF//2947471
NL21ABNA0522567797
:86:/EREF/23-11-2025 11:20 7020606609031519/TRCD/100/ORDP//NAME
/DJPL FIKKE/REMI/9095171377 7020606609031519 PZ/PURP//CD/EPAY
/ISDT/2025-11-24
:61:251124C000000000411,80N100EREF//2947472
NL87ABNA0477498566
:86:/EREF/22-11-2025 12:21 7020076584855251/TRCD/100/ORDP//NAME
/H VAN DER HERT/REMI/9093321513 7020076584855251 HH/PURP//CD
/EPAY/ISDT/2025-11-24
:61:251124C000000000457,05N100EREF//2947473
NL61ABNA0629070458
:86:/EREF/22-11-2025 23:05 7020664485005893/TRCD/100/ORDP//NAME
/MRW BARTELS/REMI/9094598382 7020664485005893 BK/PURP//CD/EPAY
/ISDT/2025-11-24
:61:251124C000000000404,20N100EREF//2947474
NL17ABNA0116848685
:86:/EREF/22-11-2025 22:01 7020384487914477/TRCD/100/ORDP//NAME
/F VAN NIEUWMEGEN CJ/REMI/9094520525 7020384487914477 KV/PURP/
/CD/EPAY/ISDT/2025-11-24
:61:251124C000000000050,00N100EREF//2947475
NL33ABNA0587217596
:86:/EREF/23-11-2025 19:02 7020294784853481/TRCD/100/ORDP//NAME
/D VAN HEMERT/REMI/9096030386 7020294784853481 MD/PURP//CD/EPAY
/ISDT/2025-11-24
:61:251124C000000000473,22N100EREF//2947476
NL35ABNA0144115158
:86:/EREF/23-11-2025 15:50 7020486287853778/TRCD/100/ORDP//NAME
/JTM VAN DER HAM/REMI/9095656694 7020486287853778 VN/PURP//CD
/EPAY/ISDT/2025-11-24
:61:251124C000000001201,48N100EREF//2947477
NL32ABNA0109277759
:86:/EREF/23-11-2025 19:06 7020006885093151/TRCD/100/ORDP//NAME
/C VLADULESCU/REMI/9096033250 7020006885093151 SL/PURP//CD/EPAY
/ISDT/2025-11-24
:61:251124C000000000845,80N100EREF//2947478
NL92ABNA0626515211
:86:/EREF/23-11-2025 10:36 7020375682032155/TRCD/100/ORDP//NAME
/K RAJAGOPALAN/REMI/9095088500 7020375682032155 LH/PURP//CD/EPAY
/ISDT/2025-11-24
:61:251124C000000000318,24N100EREF//2947479
NL25ABNA0250674882
:86:/EREF/23-11-2025 20:00 7020975093973043/TRCD/100/ORDP//NAME
/FJS VAN DER KLAAUW CJ/REMI/9096153835 7020975093973043 VM/PURP/
/CD/EPAY/ISDT/2025-11-24
:61:251124C000000000867,00N100EREF//2947480
NL12ABNA0818431539
:86:/EREF/21-11-2025 23:49 7020636309037663/TRCD/100/ORDP//NAME
/EEKHOF T/REMI/9092514559 7020636309037663 KV/PURP//CD/EPAY/ISDT
/2025-11-24
:61:251124C000000000042,00N100EREF//2947481
NL85ABNA0557069157
:86:/EREF/22-11-2025 13:17 7020294808975575/TRCD/100/ORDP//NAME
/A W DEN UIJL CJ/REMI/9093451910 7020294808975575 KV/PURP//CD
/EPAY/ISDT/2025-11-24
:61:251124C000000000179,70N100EREF//2947482
NL36ABNA0552314129
:86:/EREF/23-11-2025 17:01 7020054806002194/TRCD/100/ORDP//NAME
/AJ EIKHOUT CJ/REMI/9095788757 7020054806002194 EH/PURP//CD/EPAY
/ISDT/2025-11-24
:61:251124C000000000909,48N100EREF//2947483
NL35ABNA0406863229
:86:/EREF/23-11-2025 17:14 7020405102883487/TRCD/100/ORDP//NAME
/TAF VAN DER AALST CJ/REMI/9095818253 7020405102883487 SL/PURP/
/CD/EPAY/ISDT/2025-11-24
:61:251124C000000000777,22N100EREF//2947484
NL37ABNA0614315638
:86:/EREF/23-11-2025 17:59 7020036594033751/TRCD/100/ORDP//NAME
/JP BRONS CJ/REMI/9095902417 7020036594033751 SL/PURP//CD/EPAY
/ISDT/2025-11-24
:61:251124C000000000060,02N100EREF//2947485
NL56ABNA0441860257
:86:/EREF/22-11-2025 14:39 7020445384855677/TRCD/100/ORDP//NAME
/RACHEL MEEKEL/REMI/9093645130 7020445384855677 EH/PURP//CD/EPAY
/ISDT/2025-11-24
:61:251124C000000000017,40N100EREF//2947486
NL08ABNA0627516114
:86:/EREF/22-11-2025 19:34 7020894508914474/TRCD/100/ORDP//NAME
/N K MAURMANNS/REMI/9094301348 7020894508914474 MD/PURP//CD/EPAY
/ISDT/2025-11-24
:61:251124C000000000239,80N100EREF//2947487
NL64ABNA0436051753
:86:/EREF/22-11-2025 14:24 7020276609065320/TRCD/100/ORDP//NAME
/J LIEFERS CJ/REMI/9093604445 7020276609065320 ZV/PURP//CD/EPAY
/ISDT/2025-11-24
:61:251124C000000001004,61N100EREF//2947488
NL75ABNA0571805868
:86:/EREF/22-11-2025 13:51 7020054206096262/TRCD/100/ORDP//NAME
/BAR LEKKER/REMI/9093532001 7020054206096262 BS/PURP//CD/EPAY
/ISDT/2025-11-24
:61:251124C000000000353,00N100EREF//2947489
NL31ABNA0249004143
:86:/EREF/22-11-2025 14:22 7020545708974801/TRCD/100/ORDP//NAME
/FRA HOEVELAKEN/REMI/9093602291 7020545708974801 MD/PURP//CD
/EPAY/ISDT/2025-11-24
:61:251124C000000000169,00N100EREF//2947490
NL47ABNA0607743999
:86:/EREF/23-11-2025 21:28 7020495709062458/TRCD/100/ORDP//NAME
/PACJ DE WIJN/REMI/9096321707 7020495709062458 HB/PURP//CD/EPAY
/ISDT/2025-11-24
:61:251124C000000000239,60N100EREF//2947491
NL98ABNA0433993189
:86:/EREF/22-11-2025 14:30 7020835087916637/TRCD/100/ORDP//NAME
/G VAN DER WEERD CJ/REMI/9093620619 7020835087916637 BK/PURP//CD
/EPAY/ISDT/2025-11-24
:61:251124C000000000103,00N100EREF//2947492
NL09ABNA0247738883
:86:/EREF/22-11-2025 08:29 7020236602856574/TRCD/100/ORDP//NAME
/L JANSSEN CJ/REMI/9092828055 7020236602856574 HH/PURP//CD/EPAY
/ISDT/2025-11-24
:61:251124C000000000150,20N100EREF//2947493
NL39ABNA0809832585
:86:/EREF/22-11-2025 09:08 7020915985065446/TRCD/100/ORDP//NAME
/PRINS C W CJ/REMI/9092884403 7020915985065446 ZV/PURP//CD/EPAY
/ISDT/2025-11-24
:61:251124C000000000891,75N100EREF//2947494
NL76ABNA0445077484
:86:/EREF/22-11-2025 08:26 7020456585066676/TRCD/100/ORDP//NAME
/RACE EN MTB CENTRE/REMI/9092823374 7020456585066676 HH/PURP//CD
/EPAY/ISDT/2025-11-24
:61:251124C000000000004,95N100EREF//2947495
NL04ABNA0881248592
:86:/EREF/23-11-2025 14:11 7020866281821918/TRCD/100/ORDP//NAME
/SUTORIUS-GOUT A E CJ/REMI/9095474430 7020866281821918 LH/PURP/
/CD/EPAY/ISDT/2025-11-24
:61:251124C000000000103,32N100EREF//2947496
NL84ABNA0800356233
:86:/EREF/22-11-2025 09:31 7020945685066100/TRCD/100/ORDP//NAME
/HASSING J J H CJ/REMI/9092931043 7020945685066100 MD/PURP//CD
/EPAY/ISDT/2025-11-24
:61:251124C000000000876,20N100EREF//2947497
NL11ABNA0550182519
:86:/EREF/23-11-2025 20:49 7020575693852185/TRCD/100/ORDP//NAME
/D DE GRAAS/REMI/9096242710 7020575693852185 HH/PURP//CD/EPAY
/ISDT/2025-11-24
:61:251124C000000000425,45N100EREF//2947498
NL71RABO0382850017
:86:/EREF/24-11-2025 10:36 7020274196939512/TRCD/100/ORDP//NAME
/J. Schuring/REMI/9097211031 7020274196939512 HH xui-24173780
/PURP//CD/EPAY/ISDT/2025-11-24
:61:251124C000000000593,25N100EREF//2947499
NL02ABNA0533328543
:86:/EREF/23-11-2025 15:44 7020526287942995/TRCD/100/ORDP//NAME
/C H J MENTINK/REMI/9095642918 7020526287942995 VM/PURP//CD/EPAY
/ISDT/2025-11-24
:61:251124C000000000344,35N100EREF//2947500
NL78ABNA0890096473
:86:/EREF/22-11-2025 22:07 7020205988006280/TRCD/100/ORDP//NAME
/B HALLINK CJ/REMI/9094529324 7020205988006280 AR/PURP//CD/EPAY
/ISDT/2025-11-24
:61:251124C000000000052,00N100EREF//2947501
NL43ABNA0601759559
:86:/EREF/22-11-2025 11:02 7020216281884048/TRCD/100/ORDP//NAME
/E ZEILMAKER CJ/REMI/9093136412 7020216281884048 EH/PURP//CD
/EPAY/ISDT/2025-11-24
:61:251124C000000000051,80N100EREF//2947502
NL95ABNA0446469092
:86:/EREF/23-11-2025 10:29 7020034487882569/TRCD/100/ORDP//NAME
/M CORNELISSE/REMI/9095078820 7020034487882569 EH/PURP//CD/EPAY
/ISDT/2025-11-24
:61:251124C000000000733,60N100EREF//2947503
NL37ABNA0620405007
:86:/EREF/22-11-2025 12:49 7020926306004561/TRCD/100/ORDP//NAME
/A WINSVEEN/REMI/9093385979 7020926306004561 HB/PURP//CD/EPAY
/ISDT/2025-11-24
:61:251124C000000000329,80N100EREF//2947504
NL54ABNA0420388567
:86:/EREF/23-11-2025 19:21 7020445984823229/TRCD/100/ORDP//NAME
/JM VAN IERSEL CJ/REMI/9096062062 7020445984823229 MD/PURP//CD
/EPAY/ISDT/2025-11-24
:61:251124C000000000391,60N100EREF//2947505
NL06ABNA0617885990
:86:/EREF/23-11-2025 16:18 7020096908943841/TRCD/100/ORDP//NAME
/M TANIS/REMI/9095709679 7020096908943841 TH/PURP//CD/EPAY/ISDT
/2025-11-24
:61:251124C000000001392,60N100EREF//2947506
NL72ABNA0102503141
:86:/EREF/22-11-2025 12:23 7020546281824729/TRCD/100/ORDP//NAME
/C J J OOMEN CJ/REMI/9093325737 7020546281824729 ZV/PURP//CD
/EPAY/ISDT/2025-11-24
:61:251124C000000000751,20N100EREF//2947507
NL82ABNA0113666012
:86:/EREF/21-11-2025 22:43 7020474187949778/TRCD/100/ORDP//NAME
/CW HOE CJ/REMI/9092430343 7020474187949778 HH/PURP//CD/EPAY
/ISDT/2025-11-24
:61:251124C000000000497,61N100EREF//2947508
NL61ABNA0629070458
:86:/EREF/22-11-2025 22:58 7020986881885941/TRCD/100/ORDP//NAME
/MRW BARTELS/REMI/9094592376 7020986881885941 BS/PURP//CD/EPAY
/ISDT/2025-11-24
:61:251124C000000000059,00N100EREF//2947509
NL20ABNA0626590906
:86:/EREF/22-11-2025 00:15 7020306308949007/TRCD/100/ORDP//NAME
/KA HUNDMAN/REMI/9092537899 7020306308949007 EH/PURP//CD/EPAY
/ISDT/2025-11-24
:61:251124C000000000701,62N100EREF//2947510
NL92ABNA0622573810
:86:/EREF/21-11-2025 22:31 7020775709009997/TRCD/100/ORDP//NAME
/MA VERWIJS CJ/REMI/9092413053 7020775709009997 PZ/PURP//CD/EPAY
/ISDT/2025-11-24
:61:251124C000000000412,38N100EREF//2947511
NL15ABNA0476962773
:86:/EREF/22-11-2025 13:39 7020045406006115/TRCD/100/ORDP//NAME
/E IJZERMAN CJ/REMI/9093504582 7020045406006115 HH/PURP//CD/EPAY
/ISDT/2025-11-24
:61:251124C000000000301,32N100EREF//2947512
NL49ABNA0622834835
:86:/EREF/23-11-2025 18:25 7020124802821237/TRCD/100/ORDP//NAME
/P PRONK CJ/REMI/9095956077 7020124802821237 PZ/PURP//CD/EPAY
/ISDT/2025-11-24
:61:251124C000000000226,60N100EREF//2947513
NL32ABNA0887216595
:86:/EREF/23-11-2025 12:49 7020806890941063/TRCD/100/ORDP//NAME
/KUIPERS FEENSTRA E K/REMI/9095334691 7020806890941063 EH/PURP/
/CD/EPAY/ISDT/2025-11-24
:61:251124C000000000029,00N100EREF//2947514
NL38ABNA0887579752
:86:/EREF/22-11-2025 18:18 7020305091095614/TRCD/100/ORDP//NAME
/MARK R A CJ/REMI/9094150031 7020305091095614 VM/PURP//CD/EPAY
/ISDT/2025-11-24
:61:251124C000000000004,95N100EREF//2947515
NL64ABNA0461081342
:86:/EREF/23-11-2025 14:09 7020576293853346/TRCD/100/ORDP//NAME
/EB ROELS/REMI/9095468109 7020576293853346 HH/PURP//CD/EPAY/ISDT
/2025-11-24
:61:251124C000000000250,00N100EREF//2947516
NL03ABNA0881470546
:86:/EREF/23-11-2025 13:41 7020154802882581/TRCD/100/ORDP//NAME
/M PLOEGER CJ/REMI/9095420677 7020154802882581 ZV/PURP//CD/EPAY
/ISDT/2025-11-24
:61:251124C000000001082,48N100EREF//2947517
NL52ABNA0427408008
:86:/EREF/23-11-2025 13:34 7020384803003100/TRCD/100/ORDP//NAME
/J BRANDERHORST CJ/REMI/9095408546 7020384803003100 SL/PURP//CD
/EPAY/ISDT/2025-11-24
:61:251124C000000000634,10N100EREF//2947518
NL74ABNA0453074685
:86:/EREF/23-11-2025 12:46 7020246905912524/TRCD/100/ORDP//NAME
/EA HAKHOFF/REMI/9095324783 7020246905912524 HH/PURP//CD/EPAY
/ISDT/2025-11-24
:61:251124C000000000540,05N100EREF//2947519
NL65ABNA0514571489
:86:/EREF/23-11-2025 13:26 7020806302853145/TRCD/100/ORDP//NAME
/JS MUSCH CJ/REMI/9095398611 7020806302853145 AG/PURP//CD/EPAY
/ISDT/2025-11-24
:61:251124C000000001330,38N100EREF//2947520
NL53ABNA0426518985
:86:/EREF/22-11-2025 14:48 7020775684945323/TRCD/100/ORDP//NAME
/J DE VRIES CJ/REMI/9093660238 7020775684945323 HA/PURP//CD/EPAY
/ISDT/2025-11-24
:61:251124C000000000030,00N100EREF//2947521
NL38ABNA0470792868
:86:/EREF/22-11-2025 20:50 7020335681914141/TRCD/100/ORDP//NAME
/JILLIAN WIELAND/REMI/9094418559 7020335681914141 PZ/PURP//CD
/EPAY/ISDT/2025-11-24
:61:251124C000000071945,05N541EREF//2947522
SE7197810000000007308337
:86:/EREF/019aa8fa9fce7124bba716cdcc099906/TRCD/541/ORDP//NAME
/Klarna Bank AB/REMI/138841371/ISDT/2025-11-24
:61:251124C000000000862,60N100EREF//2947523
NL84INGB0110903846
:86:/EREF/21-11-2025 18:45 7020644508949436/TRCD/100/ORDP//NAME
/Mw N Vonders,Hr TJ Stevens/REMI/9091985831 7020644508949436 SR
/PURP//CD/EPAY/ISDT/2025-11-24
:61:251124C000000000888,48N100EREF//2947524
NL38RBRB0665781547
:86:/EREF/2025-11-23T00:19 7020106308856559/TRCD/100/ORDP//NAME
/J.M.J. de Vos/REMI/9094673563 7020106308856559 VM/PURP//CD/EPAY
/ISDT/2025-11-24
:61:251124C000000000029,50N100EREF//2947525
NL56RBRB8836765858
:86:/EREF/2025-11-21T22:37 7020226308919034/TRCD/100/ORDP//NAME
/D.S. van Kaathoven/REMI/9092421166 7020226308919034 EP/PURP//CD
/EPAY/ISDT/2025-11-24
:61:251124C000000000989,23N100EREF//2947526
NL90SNSB0945367813
:86:/EREF/2025-11-23T16:30 7020034799882206/TRCD/100/ORDP//NAME
/E. Wassink e/o J. Wassink-Geurts/REMI/9095731620
 7020034799882206 EH/PURP//CD/EPAY/ISDT/2025-11-24
:61:251124C000000000029,00N100EREF//2947527
NL43SNSB0772714576
:86:/EREF/2025-11-23T11:04 7020164199821708/TRCD/100/ORDP//NAME
/D. Hanssen/REMI/9095138384 7020164199821708 VM/PURP//CD/EPAY
/ISDT/2025-11-24
:61:251124C000000000173,64N100EREF//2947528
NL87ABNA0559383347
:86:/EREF/21-11-2025 19:51 7020566285067549/TRCD/100/ORDP//NAME
/JEROEN SPITHOFF/REMI/9092144874 7020566285067549 EH/PURP//CD
/EPAY/ISDT/2025-11-24
:61:251124C000000000014,00N100EREF//2947529
NL45RABO0101232810
:86:/EREF/24-11-2025 10:38 7020625685088489/TRCD/100/ORDP//NAME
/M. Vissenberg/REMI/9097221037 7020625685088489 PZ xui-82146624
/PURP//CD/EPAY/ISDT/2025-11-24
:61:251124C000000000548,76N541EREF//2947530
NL22TRIO0198524110
:86:/EREF/20251124104011TRIONL2UXXXE000000631/TRCD/541/ORDP/
/NAME/A. Kersjes en/of H.T.C./REMI/reserveringsnummer:9590379
 periode 27/02/2026 - 06/03/2026/ISDT/2025-11-24
:61:251124C000000000458,46N100EREF//2947531
NL96INGB0003464199
:86:/EREF/24-11-2025 05:54 7020065681880658/TRCD/100/ORDP//NAME
/Hr H van der Veen/REMI/9096740624 7020065681880658 EH/PURP//CD
/EPAY/ISDT/2025-11-24
:61:251124C000000001131,30N100EREF//2947532
NL10INGB0686723562
:86:/EREF/23-11-2025 20:34 7020256582002542/TRCD/100/ORDP//NAME
/Mw LSM Hawinkels,Hr NGJ Severens/REMI/9096212984
 7020256582002542 HH/PURP//CD/EPAY/ISDT/2025-11-24
:61:251124C000000000229,08N100EREF//2947533
NL32INGB0005721959
:86:/EREF/21-11-2025 16:58 7020125405887642/TRCD/100/ORDP//NAME
/Hr J van Ekeren en Mw A H van Ekeren-Brouwer/REMI/9091713387
 7020125405887642 EH/PURP//CD/EPAY/ISDT/2025-11-24
:61:251124C000000000478,85N100EREF//2947534
NL13INGB0007532709
:86:/EREF/21-11-2025 16:54 7020975090949541/TRCD/100/ORDP//NAME
/Mw S J S de Regt/REMI/9091700206 7020975090949541 BT/PURP//CD
/EPAY/ISDT/2025-11-24
:61:251124C000000000059,00N100EREF//2947535
NL75RBRB0841397538
:86:/EREF/2025-11-22T12:26 7020505381915767/TRCD/100/ORDP//NAME
/M. van Paassen/REMI/9093333860 7020505381915767 TH/PURP//CD
/EPAY/ISDT/2025-11-24
:61:251124C000000000250,00N100EREF//2947536
NL63INGB0651349036
:86:/EREF/22-11-2025 16:16 7020884505886004/TRCD/100/ORDP//NAME
/Mw S Houthuis-Wiebenga/REMI/9093876014 7020884505886004 HH/PURP
//CD/EPAY/ISDT/2025-11-24
:61:251124C000000001779,00N100EREF//2947537
NL77INGB0008031883
:86:/EREF/22-11-2025 19:44 7020115708975143/TRCD/100/ORDP//NAME
/Mw H C Kiela/REMI/9094316888 7020115708975143 HB/PURP//CD/EPAY
/ISDT/2025-11-24
:61:251124C000000000619,92N100EREF//2947538
NL08INGB0795353219
:86:/EREF/22-11-2025 11:12 7020605997004303/TRCD/100/ORDP//NAME
/Mw V Berends, Hr R Waalboer/REMI/9093158886 7020605997004303 EH
/PURP//CD/EPAY/ISDT/2025-11-24
:61:251124C000000000156,00N100EREF//2947539
NL59INGB0005220662
:86:/EREF/22-11-2025 12:44 7020416896944894/TRCD/100/ORDP//NAME
/Mw N Willemse/REMI/9093378846 7020416896944894 EH/PURP//CD/EPAY
/ISDT/2025-11-24
:61:251124C000000000330,88N100EREF//2947540
NL11INGB0002609413
:86:/EREF/21-11-2025 21:10 7020235982008503/TRCD/100/ORDP//NAME
/Hr A Dillerop en/of Mw S Dillerop-Bloemberg/REMI/9092284844
 7020235982008503 HH/PURP//CD/EPAY/ISDT/2025-11-24
:61:251124C000000000491,50N100EREF//2947541
NL29INGB0426791932
:86:/EREF/23-11-2025 13:05 7020394805972701/TRCD/100/ORDP//NAME
/Hr CA Fix, Mw JJ Silvertand/REMI/9095358977 7020394805972701 VM
/PURP//CD/EPAY/ISDT/2025-11-24
:61:251124C000000000573,40N100EREF//2947542
NL27INGB0009004626
:86:/EREF/21-11-2025 16:37 7020535706039703/TRCD/100/ORDP//NAME
/Mw R Daems/REMI/9091658782 7020535706039703 EP/PURP//CD/EPAY
/ISDT/2025-11-24
:61:251124C000000000337,80N100EREF//2947543
NL84INGB0688618774
:86:/EREF/23-11-2025 10:40 7020924491062935/TRCD/100/ORDP//NAME
/Hr P Scandura/REMI/9095101463 7020924491062935 VM/PURP//CD/EPAY
/ISDT/2025-11-24
:61:251124C000000001153,35N100EREF//2947544
NL98INGB0758524870
:86:/EREF/22-11-2025 20:24 7020476584914438/TRCD/100/ORDP//NAME
/Mw EC Seinstra,Hr R Paulis/REMI/9094381017 7020476584914438 SL
/PURP//CD/EPAY/ISDT/2025-11-24
:61:251124C000000000050,00N100EREF//2947545
NL93SNSB0705534871
:86:/EREF/2025-11-23T20:05 7020225396971603/TRCD/100/ORDP//NAME
/J. Halbe/REMI/9096165316 7020225396971603 SR/PURP//CD/EPAY/ISDT
/2025-11-24
:61:251124C000000000303,32N100EREF//2947546
NL83INGB0439229464
:86:/EREF/23-11-2025 16:09 7020706605821909/TRCD/100/ORDP//NAME
/Hr AEW Al-Taweel/REMI/9095692574 7020706605821909 PZ/PURP//CD
/EPAY/ISDT/2025-11-24
:61:251124C000000000151,40N100EREF//2947547
NL14INGB0793049458
:86:/EREF/23-11-2025 13:05 7020046008972668/TRCD/100/ORDP//NAME
/Hr M Langen, Mw SAM Langen/REMI/9095357995 7020046008972668 MD
/PURP//CD/EPAY/ISDT/2025-11-24
:61:251124C000000001180,65N100EREF//2947548
NL65INGB0112144624
:86:/EREF/22-11-2025 15:46 7020156003006115/TRCD/100/ORDP//NAME
/Mw L Verweij,Hr R Westra/REMI/9093803610 7020156003006115 SR
/PURP//CD/EPAY/ISDT/2025-11-24
:61:251124C000000000059,00N100EREF//2947549
NL76ASNB8844100118
:86:/EREF/2025-11-22T17:38 7020525988066493/TRCD/100/ORDP//NAME
/H.C. Boonen-Stael e/o B. Boonen/REMI/9094059766
 7020525988066493 TF/PURP//CD/EPAY/ISDT/2025-11-24
:61:251124C000000000836,55N100EREF//2947550
NL12INGB0003938392
:86:/EREF/21-11-2025 20:13 7020704199979094/TRCD/100/ORDP//NAME
/Mw ABIR Middel/REMI/9092184231 7020704199979094 LH/PURP//CD
/EPAY/ISDT/2025-11-24
:61:251124C000000000786,80N100EREF//2947551
NL44INGB0007578323
:86:/EREF/23-11-2025 13:36 7020915703032104/TRCD/100/ORDP//NAME
/Hr N Goossen/REMI/9095412449 7020915703032104 HB/PURP//CD/EPAY
/ISDT/2025-11-24
:61:251124C000000000168,00N100EREF//2947552
NL17INGB0005731250
:86:/EREF/21-11-2025 20:27 7020355987977174/TRCD/100/ORDP//NAME
/Hr E H G Jansen/REMI/9092211904 7020355987977174 EP/PURP//CD
/EPAY/ISDT/2025-11-24
:61:251124C000000000158,25N100EREF//2947553
NL32INGB0704219638
:86:/EREF/22-11-2025 21:50 7020894487916385/TRCD/100/ORDP//NAME
/Mw LGJM Borghans, Hr MLJ Arts/REMI/9094506169 7020894487916385
 PZ/PURP//CD/EPAY/ISDT/2025-11-24
:61:251124C000000000298,24N100EREF//2947554
NL48INGB0008550773
:86:/EREF/23-11-2025 19:10 7020836608852170/TRCD/100/ORDP//NAME
/Hr L Verheij, Mw IJ Hamstra/REMI/9096041235 7020836608852170 OD
/PURP//CD/EPAY/ISDT/2025-11-24
:61:251124C000000000059,00N100EREF//2947555
NL92INGB0671062212
:86:/EREF/23-11-2025 20:09 7020346609031840/TRCD/100/ORDP//NAME
/Hr D Oudshoorn,Mw D de Bakker/REMI/9096171650 7020346609031840
 HH/PURP//CD/EPAY/ISDT/2025-11-24
:61:251124C000000000235,90N100EREF//2947556
NL65INGB0003441768
:86:/EREF/23-11-2025 17:05 7020584199971129/TRCD/100/ORDP//NAME
/Hr H Jongejans/REMI/9095796507 7020584199971129 HB/PURP//CD
/EPAY/ISDT/2025-11-24
:61:251124C000000000202,40N100EREF//2947557
NL04INGB0668031867
:86:/EREF/22-11-2025 14:06 7020525984826559/TRCD/100/ORDP//NAME
/Mw MC van den Boomen, Hr B Scheijven/REMI/9093564960
 7020525984826559 VM/PURP//CD/EPAY/ISDT/2025-11-24
:61:251124C000000000250,00N100EREF//2947558
NL72INGB0006666795
:86:/EREF/21-11-2025 19:21 7020546590948758/TRCD/100/ORDP//NAME
/Hr HP van Leeuwen, C van Leeuwen-van Wolferen/REMI/9092074360
 7020546590948758 AR/PURP//CD/EPAY/ISDT/2025-11-24
:61:251124C000000000028,50N100EREF//2947559
NL30INGB0009193916
:86:/EREF/22-11-2025 17:29 7020276900064915/TRCD/100/ORDP//NAME
/Hr M S van Ruler en/of Mw W N van Ruler-Goezinne/REMI
/9094039305 7020276900064915 HH/PURP//CD/EPAY/ISDT/2025-11-24
:61:251124C000000000935,20N100EREF//2947560
NL71INGB0009586028
:86:/EREF/22-11-2025 13:29 7020054806094123/TRCD/100/ORDP//NAME
/Mw IC Driessen,Hr FJ Steur/REMI/9093477671 7020054806094123 HH
/PURP//CD/EPAY/ISDT/2025-11-24
:61:251124C000000000328,82N100EREF//2947561
NL58INGB0002117068
:86:/EREF/23-11-2025 12:22 7020584787881039/TRCD/100/ORDP//NAME
/Mw A M Wolsak/REMI/9095285971 7020584787881039 HE/PURP//CD/EPAY
/ISDT/2025-11-24
:61:251124C000000000229,00N100EREF//2947562
NL88INGB0009677193
:86:/EREF/21-11-2025 21:32 7020795997009217/TRCD/100/ORDP//NAME
/Mw M van Dam/REMI/9092319705 7020795997009217 KV/PURP//CD/EPAY
/ISDT/2025-11-24
:61:251124C000000000492,86N100EREF//2947563
NL27INGB0000518581
:86:/EREF/22-11-2025 10:44 7020214806064555/TRCD/100/ORDP//NAME
/Hr RE Neukerk, Mw WFM Neukerk-Rutten/REMI/9093085362
 7020214806064555 PZ/PURP//CD/EPAY/ISDT/2025-11-24
:61:251124C000000000200,00N100EREF//2947564
NL65INGB0662283228
:86:/EREF/23-11-2025 17:15 7020575396881174/TRCD/100/ORDP//NAME
/Hr R van de Belt, Mw A Monsuur/REMI/9095819836 7020575396881174
 KV/PURP//CD/EPAY/ISDT/2025-11-24
:61:251124C000000000473,64N100EREF//2947565
NL41INGB0664903339
:86:/EREF/23-11-2025 08:24 7020575702853136/TRCD/100/ORDP//NAME
/Hr MJG Cuppen, Mw AJW van den Beuken/REMI/9094919661
 7020575702853136 VM/PURP//CD/EPAY/ISDT/2025-11-24
:61:251124C000000000999,38N100EREF//2947566
NL73ABNA0482521090
:86:/EREF/23-11-2025 21:11 7020034484912833/TRCD/100/ORDP//NAME
/L L SNOEKS/REMI/9096286642 7020034484912833 EH/PURP//CD/EPAY
/ISDT/2025-11-24
:61:251124C000000000015,00N100EREF//2947567
NL92ABNA0564091928
:86:/EREF/23-11-2025 21:26 7020405988062587/TRCD/100/ORDP//NAME
/SILKE BONTEKOE/REMI/9096315147 7020405988062587 HH/PURP//CD
/EPAY/ISDT/2025-11-24
:61:251124C000000001379,90N100EREF//2947568
NL79ABNA0587390786
:86:/EREF/23-11-2025 09:05 7020255087972710/TRCD/100/ORDP//NAME
/TCJ MOLENAAR CJ/REMI/9094959856 7020255087972710 SL/PURP//CD
/EPAY/ISDT/2025-11-24
:61:251124C000000000314,00N541EREF//2947569
NL57RABO0118016407
:86:/EREF/OO9B005240709757/PREF/OO9B005240709757/TRCD/541/ORDP/
/NAME/E.J. van Dam-van de Meyden/REMI/928991/ISDT/2025-11-24
:61:251124C000000000090,00N100EREF//2947570
NL80RABO0379469405
:86:/EREF/24-11-2025 10:42 7020155993910919/TRCD/100/ORDP//NAME
/Daniel Kingma Business Coach/REMI/9097234290 7020155993910919
 EH xui-68121221/PURP//CD/EPAY/ISDT/2025-11-24
:61:251124C000000000324,65N100EREF//2947571
NL77RABO0128211717
:86:/EREF/24-11-2025 10:41 7020334196909413/TRCD/100/ORDP//NAME
/H.C.J.M. Brekoo eo C.A.M.J. Brekoo-Rullens/REMI/9097228895
 7020334196909413 EP xui-99701931/PURP//CD/EPAY/ISDT/2025-11-24
:61:251124C000000001082,09N100EREF//2947572
NL90ABNA0542240386
:86:/EREF/23-11-2025 14:54 7020696581881369/TRCD/100/ORDP//NAME
/JTS DE LAAT CJ/REMI/9095554790 7020696581881369 SL/PURP//CD
/EPAY/ISDT/2025-11-24
:61:251124C000000000050,00N100EREF//2947573
NL92ABNA0248904493
:86:/EREF/23-11-2025 10:43 7020414796883316/TRCD/100/ORDP//NAME
/FW WATSON CJ/REMI/9095103281 7020414796883316 EP/PURP//CD/EPAY
/ISDT/2025-11-24
:61:251124C000000001410,52N100EREF//2947574
NL08ABNA0519366352
:86:/EREF/23-11-2025 15:52 7020436584942962/TRCD/100/ORDP//NAME
/NLCMA HENSELS/REMI/9095659541 7020436584942962 PZ/PURP//CD/EPAY
/ISDT/2025-11-24
:61:251124C000000000476,98N100EREF//2947575
NL49ABNA0477981437
:86:/EREF/22-11-2025 15:40 7020015993855110/TRCD/100/ORDP//NAME
/G BOTH CJ/REMI/9093789806 7020015993855110 SL/PURP//CD/EPAY
/ISDT/2025-11-24
:61:251124C000000001204,72N100EREF//2947576
NL02ABNA0618304908
:86:/EREF/22-11-2025 11:30 7020865405886832/TRCD/100/ORDP//NAME
/S WIJDEVELD/REMI/9093197284 7020865405886832 PZ/PURP//CD/EPAY
/ISDT/2025-11-24
:61:251124C000000000497,00N100EREF//2947577
NL13ABNA0556059131
:86:/EREF/22-11-2025 12:33 7020645406005089/TRCD/100/ORDP//NAME
/J H HENNEVELT CJ/REMI/9093346137 7020645406005089 KV/PURP//CD
/EPAY/ISDT/2025-11-24
:61:251124C000000000250,00N100EREF//2947578
NL59ABNA0420524568
:86:/EREF/23-11-2025 16:12 7020324202882254/TRCD/100/ORDP//NAME
/LH DANIELS CJ/REMI/9095698095 7020324202882254 VM/PURP//CD/EPAY
/ISDT/2025-11-24
:61:251124C000000000442,10N100EREF//2947579
NL78ABNA0452483107
:86:/EREF/22-11-2025 22:13 7020864800004372/TRCD/100/ORDP//NAME
/RM VROLIJK/REMI/9094535262 7020864800004372 KV/PURP//CD/EPAY
/ISDT/2025-11-24
:61:251124C000000001287,60N100EREF//2947580
NL76ABNA0554303752
:86:/EREF/23-11-2025 11:54 7020985087913604/TRCD/100/ORDP//NAME
/P BABBEKO/REMI/9095229952 7020985087913604 VN/PURP//CD/EPAY
/ISDT/2025-11-24
:61:251124C000000000385,60N100EREF//2947581
NL07ABNA0127083723
:86:/EREF/21-11-2025 23:18 7020595681859427/TRCD/100/ORDP//NAME
/J A C KLEE/REMI/9092478663 7020595681859427 LH/PURP//CD/EPAY
/ISDT/2025-11-24
:61:251124C000000000352,24N100EREF//2947582
NL71ABNA0581108337
:86:/EREF/23-11-2025 11:48 7020974482001888/TRCD/100/ORDP//NAME
/SHANA F KOEK/REMI/9095222538 7020974482001888 VM/PURP//CD/EPAY
/ISDT/2025-11-24
:61:251124C000000000947,25N100EREF//2947583
NL91ABNA0471460729
:86:/EREF/23-11-2025 11:24 7020645996913535/TRCD/100/ORDP//NAME
/VRIENDS DE JONG VOF/REMI/9095178000 7020645996913535 KV/PURP/
/CD/EPAY/ISDT/2025-11-24
:61:251124C000000000057,00N100EREF//2947584
NL79ABNA0593331745
:86:/EREF/23-11-2025 18:41 7020584787853955/TRCD/100/ORDP//NAME
/M VERSLOOT/REMI/9095985213 7020584787853955 ZV/PURP//CD/EPAY
/ISDT/2025-11-24
:61:251124C000000000444,60N100EREF//2947585
NL44ABNA0555124657
:86:/EREF/22-11-2025 13:30 7020075097065737/TRCD/100/ORDP//NAME
/CHERYL VAN ESSEN/REMI/9093485055 7020075097065737 LH/PURP//CD
/EPAY/ISDT/2025-11-24
:61:251124C000000000064,70N100EREF//2947586
NL18ABNA0889819939
:86:/EREF/23-11-2025 20:18 7020096582061264/TRCD/100/ORDP//NAME
/N VISSER CJ/REMI/9096188880 7020096582061264 HH/PURP//CD/EPAY
/ISDT/2025-11-24
:61:251124C000000000356,72N100EREF//2947587
NL68ABNA0507785800
:86:/EREF/23-11-2025 20:25 7020344493971309/TRCD/100/ORDP//NAME
/DONNA BOUWMEESTER/REMI/9096203169 7020344493971309 PZ/PURP//CD
/EPAY/ISDT/2025-11-24
:61:251124C000000000030,00N100EREF//2947588
NL52ABNA0608673072
:86:/EREF/22-11-2025 15:00 7020154205856613/TRCD/100/ORDP//NAME
/M VAN DE VEN CJ/REMI/9093696026 7020154205856613 PZ/PURP//CD
/EPAY/ISDT/2025-11-24
:61:251124C000000000030,84N100EREF//2947589
NL59ABNA0486224317
:86:/EREF/22-11-2025 00:27 7020295682008665/TRCD/100/ORDP//NAME
/R SCHIMMER/REMI/9092544518 7020295682008665 KM/PURP//CD/EPAY
/ISDT/2025-11-24
:61:251124C000000000417,90N100EREF//2947590
NL91ABNA0931534445
:86:/EREF/22-11-2025 10:17 7020156608914102/TRCD/100/ORDP//NAME
/HODZIC E/REMI/9093028873 7020156608914102 HB/PURP//CD/EPAY/ISDT
/2025-11-24
:61:251124C000000000893,09N100EREF//2947591
NL85ABNA0617137765
:86:/EREF/22-11-2025 08:21 7020166602946625/TRCD/100/ORDP//NAME
/SR GEURTS/REMI/9092822225 7020166602946625 AG/PURP//CD/EPAY
/ISDT/2025-11-24
:61:251124C000000000921,96N100EREF//2947592
NL32ABNA0437306054
:86:/EREF/22-11-2025 15:22 7020474808914861/TRCD/100/ORDP//NAME
/RGC DE GROOT CJ/REMI/9093739993 7020474808914861 BS/PURP//CD
/EPAY/ISDT/2025-11-24
:61:251124C000000001359,90N100EREF//2947593
NL51SNSB0865951705
:86:/EREF/2025-11-23T16:45 7020425102853046/TRCD/100/ORDP//NAME
/M.G.M. Hofhuis/REMI/9095763261 7020425102853046 VM/PURP//CD
/EPAY/ISDT/2025-11-24
:61:251124C000000000015,00N100EREF//2947594
NL51ABNA0881222623
:86:/EREF/22-11-2025 20:36 7020246900065695/TRCD/100/ORDP//NAME
/SJM VAN HELVOIRT CJ/REMI/9094398004 7020246900065695 MD/PURP/
/CD/EPAY/ISDT/2025-11-24
:61:251124C000000000045,00N100EREF//2947595
NL91RBRB0706455118
:86:/EREF/2025-11-21T18:39 7020304505919460/TRCD/100/ORDP//NAME
/R. Tholens e/o M. Tholens-Bloklander/REMI/9091972670
 7020304505919460 EH/PURP//CD/EPAY/ISDT/2025-11-24
:61:251124C000000000491,90N100EREF//2947596
NL97SNSB0958793069
:86:/EREF/2025-11-23T09:43 7020376605913274/TRCD/100/ORDP//NAME
/T.V. van Bever e/o R. Leertouwer/REMI/9095009049
 7020376605913274 HB/PURP//CD/EPAY/ISDT/2025-11-24
:61:251124C000000000323,40N100EREF//2947597
NL84ASNB0709273932
:86:/EREF/2025-11-23T13:30 7020825387912050/TRCD/100/ORDP//NAME
/L. Hoeijmakers e/o M. Schouten/REMI/9095403259 7020825387912050
 ZV/PURP//CD/EPAY/ISDT/2025-11-24
:61:251124C000000000668,10N100EREF//2947598
NL67INGB0007252183
:86:/EREF/21-11-2025 16:48 7020355393978902/TRCD/100/ORDP//NAME
/Hr B van Rein/REMI/9091689452 7020355393978902 HH/PURP//CD/EPAY
/ISDT/2025-11-24
:61:251124C000000001084,00N100EREF//2947599
NL76INGB0111127769
:86:/EREF/23-11-2025 21:50 7020115388033919/TRCD/100/ORDP//NAME
/Mw JSW Drittij,Hr W Flecken/REMI/9096359993 7020115388033919 EP
/PURP//CD/EPAY/ISDT/2025-11-24
:61:251124C000000000342,65N100EREF//2947600
NL17INGB0750993987
:86:/EREF/23-11-2025 23:47 7020404802882536/TRCD/100/ORDP//NAME
/Mw E de Ruiter/REMI/9096538462 7020404802882536 KV/PURP//CD
/EPAY/ISDT/2025-11-24
:61:251124C000000000452,80N100EREF//2947601
NL14INGB0000789542
:86:/EREF/24-11-2025 05:46 7020225399848912/TRCD/100/ORDP//NAME
/Hr H W Lamberts e/o Mw M M W T L Crijnen/REMI/9096738746
 7020225399848912 ZV/PURP//CD/EPAY/ISDT/2025-11-24
:61:251124C000000000065,00N100EREF//2947602
NL40INGB0399265074
:86:/EREF/23-11-2025 15:40 7020496005851714/TRCD/100/ORDP//NAME
/Mw JJ Treffers-Telleman,Hr R Telleman/REMI/9095635191
 7020496005851714 KV/PURP//CD/EPAY/ISDT/2025-11-24
:61:251124C000000000466,70N100EREF//2947603
NL57INGB0006197682
:86:/EREF/23-11-2025 16:24 7020384784882629/TRCD/100/ORDP//NAME
/Hr J F G Mol en/of Mw M C X Mol-Roos/REMI/9095717559
 7020384784882629 EH/PURP//CD/EPAY/ISDT/2025-11-24
:61:251124C000000000200,00N100EREF//2947604
NL11INGB0117200557
:86:/EREF/23-11-2025 15:36 7020035081942503/TRCD/100/ORDP//NAME
/Hr J Laane,Mw SSJ Kelder/REMI/9095625037 7020035081942503 KV
/PURP//CD/EPAY/ISDT/2025-11-24
:61:251124C000000000310,96N100EREF//2947605
NL82INGB0003295865
:86:/EREF/21-11-2025 22:42 7020075699829064/TRCD/100/ORDP//NAME
/Hr J Boulonois en/of Mw C J H Boulonois-Lohrmann/REMI
/9092430364 7020075699829064 EH/PURP//CD/EPAY/ISDT/2025-11-24
:61:251124C000000000578,80N100EREF//2947606
NL60INGB0008853488
:86:/EREF/23-11-2025 11:53 7020325391063856/TRCD/100/ORDP//NAME
/J van Ommeren, Hr S van der Stoop/REMI/9095232935
 7020325391063856 MD/PURP//CD/EPAY/ISDT/2025-11-24
:61:251124C000000000472,80N100EREF//2947607
NL54INGB0705090108
:86:/EREF/21-11-2025 17:27 7020425985007465/TRCD/100/ORDP//NAME
/Hr E Qualm, Mw D Groot Kormelinck/REMI/9091792364
 7020425985007465 MD/PURP//CD/EPAY/ISDT/2025-11-24
:61:251124C000000001918,90N100EREF//2947608
NL94SNSB0908392311
:86:/EREF/2025-11-23T20:30 7020334509032977/TRCD/100/ORDP//NAME
/J.G.H. Frederiks/REMI/9096210363 7020334509032977 HB/PURP//CD
/EPAY/ISDT/2025-11-24
:61:251124C000000000619,00N100EREF//2947609
NL09INGB0794696511
:86:/EREF/21-11-2025 20:17 7020915984919535/TRCD/100/ORDP//NAME
/Mw A Fu/REMI/9092189457 7020915984919535 TH/PURP//CD/EPAY/ISDT
/2025-11-24
:61:251124C000000000491,00N100EREF//2947610
NL85INGB0718032454
:86:/EREF/23-11-2025 20:12 7020666899851738/TRCD/100/ORDP//NAME
/Hr MPM Crouzen,Mw EEL Versteegh/REMI/9096177685
 7020666899851738 HB/PURP//CD/EPAY/ISDT/2025-11-24
:61:251124C000000000976,87N100EREF//2947611
NL40INGB0796371822
:86:/EREF/22-11-2025 15:57 7020174784824939/TRCD/100/ORDP//NAME
/Hr QR van der Meulen,W de Keijzer/REMI/9093831630
 7020174784824939 BT/PURP//CD/EPAY/ISDT/2025-11-24
:61:251124C000000000577,45N100EREF//2947612
NL82SNSB0927628694
:86:/EREF/2025-11-21T14:53 7020014805979085/TRCD/100/ORDP//NAME
/A.A.C. Bouhuys/REMI/9091389874 7020014805979085 HB/PURP//CD
/EPAY/ISDT/2025-11-24
:61:251124C000000000215,80N100EREF//2947613
NL53INGB0005704994
:86:/EREF/22-11-2025 22:56 7020165094064819/TRCD/100/ORDP//NAME
/Hr D Jonker, Mw M Jonker-Nieuwendijk/REMI/9094590193
 7020165094064819 SR/PURP//CD/EPAY/ISDT/2025-11-24
:61:251124C000000001086,56N100EREF//2947614
NL51INGB0005269306
:86:/EREF/23-11-2025 13:39 7020825994032014/TRCD/100/ORDP//NAME
/M A J Sijstermans en I C M Sijstermans-V Soerland/REMI
/9095420290 7020825994032014 EH/PURP//CD/EPAY/ISDT/2025-11-24
:61:251124C000000000038,25N100EREF//2947615
NL84INGB0007997225
:86:/EREF/21-11-2025 16:01 7020236896947561/TRCD/100/ORDP//NAME
/Mw K Huis in 't Veld/REMI/9091564250 7020236896947561 HH/PURP/
/CD/EPAY/ISDT/2025-11-24
:61:251124C000000000039,00N100EREF//2947616
NL83INGB0008931644
:86:/EREF/21-11-2025 16:15 7020115699948917/TRCD/100/ORDP//NAME
/Mw L Pronk/REMI/9091601488 7020115699948917 EH/PURP//CD/EPAY
/ISDT/2025-11-24
:61:251124C000000000596,35N100EREF//2947617
NL26INGB0653003552
:86:/EREF/21-11-2025 16:21 7020564185067507/TRCD/100/ORDP//NAME
/Hr J A A Ganzevles/REMI/9091613596 7020564185067507 HB/PURP//CD
/EPAY/ISDT/2025-11-24
:61:251124C000000000312,40N100EREF//2947618
NL93INGB0003799776
:86:/EREF/21-11-2025 18:01 7020324190978023/TRCD/100/ORDP//NAME
/Hr H van Neijenhoff,RM van Neyenhoff-Nederhoed/REMI/9091873266
 7020324190978023 KV/PURP//CD/EPAY/ISDT/2025-11-24
:61:251124C000000000012,50N100EREF//2947619
NL24INGB0677170459
:86:/EREF/22-11-2025 10:36 7020526590976034/TRCD/100/ORDP//NAME
/Mw VFKM Mandos/REMI/9093070483 7020526590976034 KV/PURP//CD
/EPAY/ISDT/2025-11-24
:61:251124C000000000448,10N100EREF//2947620
NL56INGB0001179599
:86:/EREF/23-11-2025 10:30 7020095108942332/TRCD/100/ORDP//NAME
/Hr NA Wams, Mw L Wams-Hoen/REMI/9095076875 7020095108942332 VM
/PURP//CD/EPAY/ISDT/2025-11-24
:61:251124C000000000308,50N100EREF//2947621
NL57INGB0652364152
:86:/EREF/21-11-2025 22:36 7020266894008737/TRCD/100/ORDP//NAME
/Mw RJ Cornelisse/REMI/9092421866 7020266894008737 MD/PURP//CD
/EPAY/ISDT/2025-11-24
:61:251124C000000000878,60N100EREF//2947622
NL04INGB0009520789
:86:/EREF/21-11-2025 21:16 7020416884859640/TRCD/100/ORDP//NAME
/Mw GA van Brenk-van Weenen/REMI/9092295695 7020416884859640 EP
/PURP//CD/EPAY/ISDT/2025-11-24
:61:251124C000000000268,25N100EREF//2947623
NL37INGB0006025091
:86:/EREF/21-11-2025 21:36 7020656008979958/TRCD/100/ORDP//NAME
/Mw D C E Caeger/REMI/9092325489 7020656008979958 KV/PURP//CD
/EPAY/ISDT/2025-11-24
:61:251124C000000000522,00N100EREF//2947624
NL37INGB0705123006
:86:/EREF/23-11-2025 14:39 7020376900031702/TRCD/100/ORDP//NAME
/Mw A van Dee/REMI/9095522267 7020376900031702 ZV/PURP//CD/EPAY
/ISDT/2025-11-24
:61:251124C000000000665,60N100EREF//2947625
NL54RBRB0943335701
:86:/EREF/2025-11-22T21:33 7020455381826346/TRCD/100/ORDP//NAME
/G.J.L.H. van Kronenburg e/o B.C.E. van de Ven/REMI/9094478694
 7020455381826346 HB/PURP//CD/EPAY/ISDT/2025-11-24
:61:251124C000000000028,00N100EREF//2947626
NL39ASNB8832657694
:86:/EREF/2025-11-23T13:21 7020505999821330/TRCD/100/ORDP//NAME
/P.F. van Osch e/o D.L. van Leeuwen/REMI/9095385198
 7020505999821330 HB/PURP//CD/EPAY/ISDT/2025-11-24
:61:251124C000000000373,80N100EREF//2947627
NL08RABO0107625679
:86:/EREF/24-11-2025 10:45 7020515999850775/TRCD/100/ORDP//NAME
/C. v. Briemen eo K.M. van Briemen-Zuiddam/REMI/9097244515
 7020515999850775 HH xui-34861897/PURP//CD/EPAY/ISDT/2025-11-24
:61:251124C000000000342,00N100EREF//2947628
NL22ASNB8843945599
:86:/EREF/2025-11-23T20:51 7020744505883052/TRCD/100/ORDP//NAME
/C. Breukers/REMI/9096250982 7020744505883052 HB/PURP//CD/EPAY
/ISDT/2025-11-24
:61:251124C000000000782,73N100EREF//2947629
NL60INGB0704201674
:86:/EREF/22-11-2025 20:03 7020035384824333/TRCD/100/ORDP//NAME
/Hr LW Ansteeg,Mw A Matyushkina/REMI/9094349211 7020035384824333
 VM/PURP//CD/EPAY/ISDT/2025-11-24
:61:251124C000000000703,37N100EREF//2947630
NL86INGB0748925384
:86:/EREF/21-11-2025 23:31 7020554505917051/TRCD/100/ORDP//NAME
/Mw K Schipper-Kooiman,Hr A Schipper/REMI/9092494257
 7020554505917051 SL/PURP//CD/EPAY/ISDT/2025-11-24
:61:251124C000000000030,00N100EREF//2947631
NL29INGB0673531317
:86:/EREF/23-11-2025 00:07 7020566599826496/TRCD/100/ORDP//NAME
/Mw K van Veen,Hr R Sprong/REMI/9094661236 7020566599826496 LH
/PURP//CD/EPAY/ISDT/2025-11-24
:61:251124C000000000030,00N100EREF//2947632
NL62INGB0753320304
:86:/EREF/21-11-2025 20:09 7020036587889904/TRCD/100/ORDP//NAME
/Mw S Devilee/REMI/9092176480 7020036587889904 PZ/PURP//CD/EPAY
/ISDT/2025-11-24
:61:251124C000000002095,20N100EREF//2947633
NL74INGB0008647596
:86:/EREF/22-11-2025 08:15 7020694790946160/TRCD/100/ORDP//NAME
/Mw L Ouwerkerk/REMI/9092813715 7020694790946160 HB/PURP//CD
/EPAY/ISDT/2025-11-24
:61:251124C000000000503,65N100EREF//2947634
NL38INGB0689310048
:86:/EREF/22-11-2025 18:18 7020175996886187/TRCD/100/ORDP//NAME
/Mw E Drost/REMI/9094148090 7020175996886187 EH/PURP//CD/EPAY
/ISDT/2025-11-24
:61:251124C000000000028,50N100EREF//2947635
NL27INGB0006772268
:86:/EREF/23-11-2025 20:56 7020594806093955/TRCD/100/ORDP//NAME
/Mw AMA Berends/REMI/9096257761 7020594806093955 HB/PURP//CD
/EPAY/ISDT/2025-11-24
:61:251124C000000000527,10N100EREF//2947636
NL75INGB0008518083
:86:/EREF/23-11-2025 11:00 7020795099851294/TRCD/100/ORDP//NAME
/Mw K Hollander/REMI/9095131078 7020795099851294 HH/PURP//CD
/EPAY/ISDT/2025-11-24
:61:251124C000000000531,60N100EREF//2947637
NL47INGB0006756485
:86:/EREF/21-11-2025 17:08 7020795094009790/TRCD/100/ORDP//NAME
/Mw CY de Wit/REMI/9091739352 7020795094009790 HH/PURP//CD/EPAY
/ISDT/2025-11-24
:61:251124C000000000084,70N100EREF//2947638
NL11INGB0008873188
:86:/EREF/21-11-2025 20:53 7020174493917963/TRCD/100/ORDP//NAME
/Mw DMA Beks/REMI/9092257985 7020174493917963 HB/PURP//CD/EPAY
/ISDT/2025-11-24
:61:251124C000000000305,60N100EREF//2947639
NL08INGB0005697559
:86:/EREF/23-11-2025 16:23 7020124781972881/TRCD/100/ORDP//NAME
/Mw S van der Vliet en/of Hr J L Joustra/REMI/9095718923
 7020124781972881 HB/PURP//CD/EPAY/ISDT/2025-11-24
:61:251124C000000001597,00N100EREF//2947640
NL52INGB0002181002
:86:/EREF/23-11-2025 16:54 7020365690972284/TRCD/100/ORDP//NAME
/Mw MJG Wetzels-Engelen/REMI/9095777257 7020365690972284 KV/PURP
//CD/EPAY/ISDT/2025-11-24
:61:251124C000000000212,40N100EREF//2947641
NL18INGB0753855178
:86:/EREF/23-11-2025 20:25 7020494193881774/TRCD/100/ORDP//NAME
/Hr SA Toebes/REMI/9096198325 7020494193881774 KV/PURP//CD/EPAY
/ISDT/2025-11-24
:61:251124C000000000327,70N100EREF//2947642
NL52INGB0689976186
:86:/EREF/21-11-2025 18:51 7020314788098092/TRCD/100/ORDP//NAME
/Hr K Nascimento Cruz/REMI/9091999326 7020314788098092 VN/PURP/
/CD/EPAY/ISDT/2025-11-24
:61:251124C000000000489,30N100EREF//2947643
NL58INGB0000133806
:86:/EREF/22-11-2025 15:57 7020916903066070/TRCD/100/ORDP//NAME
/Hr D Wielinga/REMI/9093823598 7020916903066070 ZV/PURP//CD/EPAY
/ISDT/2025-11-24
:61:251124C000000000015,00N100EREF//2947644
NL36INGB0008121473
:86:/EREF/22-11-2025 21:06 7020744805975410/TRCD/100/ORDP//NAME
/S M van Zuylen/REMI/9094440669 7020744805975410 HH/PURP//CD
/EPAY/ISDT/2025-11-24
:61:251124C000000000030,00N100EREF//2947645
NL63INGB0009633799
:86:/EREF/22-11-2025 18:02 7020246288036721/TRCD/100/ORDP//NAME
/Hr M Leentvaar,Mw M Leentvaar-Reinink/REMI/9094114461
 7020246288036721 SL/PURP//CD/EPAY/ISDT/2025-11-24
:61:251124C000000000906,30N100EREF//2947646
NL04INGB0652160824
:86:/EREF/23-11-2025 07:42 7020066585062143/TRCD/100/ORDP//NAME
/Mw AACA Meesters-Backx,Hr TC Meesters/REMI/9094895195
 7020066585062143 MD/PURP//CD/EPAY/ISDT/2025-11-24
:61:251124C000000000480,25N100EREF//2947647
NL39INGB0002875174
:86:/EREF/22-11-2025 17:04 7020026905885284/TRCD/100/ORDP//NAME
/Mw MCTJ van der Hijden/REMI/9093983420 7020026905885284 LH/PURP
//CD/EPAY/ISDT/2025-11-24
:61:251124C000000000519,50N100EREF//2947648
NL15INGB0004036502
:86:/EREF/23-11-2025 15:54 7020604202943592/TRCD/100/ORDP//NAME
/Hr J Dupuij/REMI/9095665211 7020604202943592 ZV/PURP//CD/EPAY
/ISDT/2025-11-24
:61:251124C000000000075,00N100EREF//2947649
NL32INGB0008602859
:86:/EREF/21-11-2025 18:01 7020145991007417/TRCD/100/ORDP//NAME
/M Tuinman,Hr A van Leeuwen/REMI/9091873238 7020145991007417 ZV
/PURP//CD/EPAY/ISDT/2025-11-24
:61:251124C000000000473,04N100EREF//2947650
NL64SNSB0873080777
:86:/EREF/2025-11-21T13:24 7020546291099865/TRCD/100/ORDP//NAME
/J.M. Slagt e/o W.P. Slagt-Hout/REMI/9091154525 7020546291099865
 HB/PURP//CD/EPAY/ISDT/2025-11-24
:61:251124C000000000397,80N100EREF//2947651
NL53INGB0006209976
:86:/EREF/23-11-2025 16:16 7020056281941924/TRCD/100/ORDP//NAME
/Mw ing L Rademaker-Dekker/REMI/9095702111 7020056281941924 HH
/PURP//CD/EPAY/ISDT/2025-11-24
:61:251124C000000000029,50N100EREF//2947652
NL52INGB0006141124
:86:/EREF/22-11-2025 17:44 7020684790884174/TRCD/100/ORDP//NAME
/Hr C Mulders, Mw WA Dubbeldam/REMI/9094075172 7020684790884174
 KV/PURP//CD/EPAY/ISDT/2025-11-24
:61:251124C000000000353,28N100EREF//2947653
NL47INGB0102763496
:86:/EREF/23-11-2025 14:35 7020465396972320/TRCD/100/ORDP//NAME
/Mw SPJ Gommers,Hr FZ Heinen/REMI/9095518574 7020465396972320 EH
/PURP//CD/EPAY/ISDT/2025-11-24
:61:251124C000000002967,80N100EREF//2947654
NL98INGB0008998789
:86:/EREF/22-11-2025 19:52 7020034503096463/TRCD/100/ORDP//NAME
/Mw L D Boode en/of Hr B van der Saag/REMI/9094330785
 7020034503096463 EH/PURP//CD/EPAY/ISDT/2025-11-24
:61:251124C000000000235,60N100EREF//2947655
NL09ABNA0102343934
:86:/EREF/21-11-2025 20:43 7020065981829670/TRCD/100/ORDP//NAME
/J D HARMS CJ/REMI/9092236211 7020065981829670 LH/PURP//CD/EPAY
/ISDT/2025-11-24
:61:251124C000000046462,44N541EREF//2947656
SE7197810000000007308337
:86:/EREF/019aae19b5e674c69a0c79d29eb6d658/TRCD/541/ORDP//NAME
/Klarna Bank AB/REMI/138908945/ISDT/2025-11-24
:61:251124C000000000330,26N100EREF//2947657
NL20SNSB0908431279
:86:/EREF/2025-11-21T16:33 7020015391038947/TRCD/100/ORDP//NAME
/A. Hammink/REMI/9091648993 7020015391038947 HH/PURP//CD/EPAY
/ISDT/2025-11-24
:61:251124C000000000057,00N100EREF//2947658
NL60SNSB0907149286
:86:/EREF/2025-11-23T11:03 7020695990943253/TRCD/100/ORDP//NAME
/H.S.W. Baan e/o M.J.C. van den Berg/REMI/9095140807
 7020695990943253 HH/PURP//CD/EPAY/ISDT/2025-11-24
:61:251124C000000000421,42N100EREF//2947659
NL12ABNA0534734766
:86:/EREF/21-11-2025 19:58 7020104184948116/TRCD/100/ORDP//NAME
/I TAN CJ/REMI/9092158588 7020104184948116 EH/PURP//CD/EPAY/ISDT
/2025-11-24
:61:251124C000000000344,14N100EREF//2947660
NL84SNSB8837716079
:86:/EREF/2025-11-21T15:43 7020044508827567/TRCD/100/ORDP//NAME
/J.W. van de Pol e/o G.W. van de Pol-de Greef/REMI/9091518846
 7020044508827567 VM/PURP//CD/EPAY/ISDT/2025-11-24
:61:251124C000000000466,00N100EREF//2947661
NL53ABNA0539501093
:86:/EREF/21-11-2025 20:48 7020765105887894/TRCD/100/ORDP//NAME
/EBD JONGMANS/REMI/9092243246 7020765105887894 EP/PURP//CD/EPAY
/ISDT/2025-11-24
:61:251124C000000000012,50N100EREF//2947662
NL19SNSB0907221416
:86:/EREF/2025-11-22T07:37 7020034802944351/TRCD/100/ORDP//NAME
/C.L.C. Smith/REMI/9092779416 7020034802944351 KV/PURP//CD/EPAY
/ISDT/2025-11-24
:61:251124C000000000125,50N100EREF//2947663
NL75RABO0347033083
:86:/EREF/24-11-2025 10:51 7020145405938852/TRCD/100/ORDP//NAME
/S. Perdok eo R.N. Verburg/REMI/9097259656 7020145405938852 HH
 xui-89524907/PURP//CD/EPAY/ISDT/2025-11-24
:61:251124C000000001182,48N100EREF//2947664
NL52INGB0007457026
:86:/EREF/23-11-2025 21:45 7020474182062908/TRCD/100/ORDP//NAME
/Hr CF Kraal/REMI/9096352986 7020474182062908 SL/PURP//CD/EPAY
/ISDT/2025-11-24
:61:251124C000000000840,80N100EREF//2947665
NL25INGB0662820940
:86:/EREF/23-11-2025 23:26 7020016897093727/TRCD/100/ORDP//NAME
/Mw C J de Bruijn e/o Hr Y Chikri/REMI/9096511734
 7020016897093727 EH/PURP//CD/EPAY/ISDT/2025-11-24
:61:251124C000000000025,00N100EREF//2947666
NL84INGB0005417413
:86:/EREF/23-11-2025 22:17 7020645382093010/TRCD/100/ORDP//NAME
/Mw A N Kalisvaart/REMI/9096411326 7020645382093010 ZV/PURP//CD
/EPAY/ISDT/2025-11-24
:61:251124C000000000851,80N100EREF//2947667
NL08BUNQ2056779676
:86:/EREF/21-11-2025 19:59 7020584181978497/TRCD/100/ORDP//NAME
/R. de Jager construction works/REMI/9092159695 7020584181978497
 HB/PURP//CD/EPAY/ISDT/2025-11-24
:61:251124C000000001081,30N100EREF//2947668
NL80INGB0003909135
:86:/EREF/23-11-2025 00:18 7020356302854762/TRCD/100/ORDP//NAME
/Mw M de Jong/REMI/9094667100 7020356302854762 EH/PURP//CD/EPAY
/ISDT/2025-11-24
:61:251124C000000000353,40N100EREF//2947669
NL11INGB0002016452
:86:/EREF/22-11-2025 20:15 7020145987884579/TRCD/100/ORDP//NAME
/Mw A Boven-van Halm/REMI/9094364619 7020145987884579 HH/PURP/
/CD/EPAY/ISDT/2025-11-24
:61:251124C000000000584,32N100EREF//2947670
NL96SNSB0910360405
:86:/EREF/2025-11-21T15:00 7020954196978185/TRCD/100/ORDP//NAME
/A. Nijmeijer e/o M.P. Nijmeijer-van Zuijdam/REMI/9091402661
 7020954196978185 VM/PURP//CD/EPAY/ISDT/2025-11-24
:61:251124C000000000483,24N541EREF//2947671
NL51INGB0008231880
:86:/EREF/2947671/TRCD/541/ORDP//NAME/C Oude Wesselink/REMI
/Reservering nr. 1862096/ISDT/2025-11-24
:61:251124C000000000722,00N100EREF//2947672
NL63INGB0001860995
:86:/EREF/22-11-2025 20:19 7020244181826244/TRCD/100/ORDP//NAME
/Hr CM Mijnster, Mw LS Boogaard/REMI/9094371567 7020244181826244
 MD/PURP//CD/EPAY/ISDT/2025-11-24
:61:251124C000000000877,00N100EREF//2947673
NL10INGB0000956648
:86:/EREF/23-11-2025 13:19 7020884485002764/TRCD/100/ORDP//NAME
/W M van den Hoven e/o J H C van den Hoven-Smeekes/REMI
/9095383651 7020884485002764 HB/PURP//CD/EPAY/ISDT/2025-11-24
:61:251124C000000000250,00N100EREF//2947674
NL57INGB0001476983
:86:/EREF/21-11-2025 16:05 7020555702889718/TRCD/100/ORDP//NAME
/Hr L Lindaart,Mw MG Lindaart-van Duinen/REMI/9091579382
 7020555702889718 HH/PURP//CD/EPAY/ISDT/2025-11-24
:61:251124C000000000752,90N100EREF//2947675
NL05INGB0100618030
:86:/EREF/22-11-2025 20:25 7020045084945065/TRCD/100/ORDP//NAME
/Care by A.P./REMI/9094381082 7020045084945065 KV/PURP//CD/EPAY
/ISDT/2025-11-24
:61:251124C000000000588,00N100EREF//2947676
NL91INGB0005739424
:86:/EREF/22-11-2025 11:56 7020155982006880/TRCD/100/ORDP//NAME
/Mw O G Andropova/REMI/9093261612 7020155982006880 NO/PURP//CD
/EPAY/ISDT/2025-11-24
:61:251124C000000000030,85N100EREF//2947677
NL24INGB0005247579
:86:/EREF/21-11-2025 17:22 7020764202828830/TRCD/100/ORDP//NAME
/Hr CZ Heij,Mw MC Heij-Veefkind/REMI/9091774043 7020764202828830
 MD/PURP//CD/EPAY/ISDT/2025-11-24
:61:251124C000000000096,00N100EREF//2947678
NL16INGB0673422232
:86:/EREF/23-11-2025 18:00 7020445402851177/TRCD/100/ORDP//NAME
/Hr JP Otten, Mw OE Binnema/REMI/9095902503 7020445402851177 AR
/PURP//CD/EPAY/ISDT/2025-11-24
:61:251124C000000000897,19N100EREF//2947679
NL62INGB0004547331
:86:/EREF/21-11-2025 17:46 7020306609009958/TRCD/100/ORDP//NAME
/Hr HW Smoorenburg/REMI/9091835577 7020306609009958 EH/PURP//CD
/EPAY/ISDT/2025-11-24
:61:251124C000000000250,00N100EREF//2947680
NL96INGB0007123815
:86:/EREF/23-11-2025 14:15 7020035106061576/TRCD/100/ORDP//NAME
/Hr J P van Gils/REMI/9095482836 7020035106061576 AR/PURP//CD
/EPAY/ISDT/2025-11-24
:61:251124C000000000580,20N100EREF//2947681
NL64INGB0009083888
:86:/EREF/23-11-2025 15:36 7020274481972335/TRCD/100/ORDP//NAME
/Mw NM Gosens,Hr AGM Bekker/REMI/9095631986 7020274481972335 HH
/PURP//CD/EPAY/ISDT/2025-11-24
:61:251124C000000000301,10N100EREF//2947682
NL03INGB0100010555
:86:/EREF/23-11-2025 13:02 7020604208941462/TRCD/100/ORDP//NAME
/Mw K Jansen-Beerlings,Hr KM Jansen/REMI/9095356018
 7020604208941462 HH/PURP//CD/EPAY/ISDT/2025-11-24
:61:251124C000000000569,30N100EREF//2947683
NL24INGB0675116678
:86:/EREF/22-11-2025 22:08 7020224499824033/TRCD/100/ORDP//NAME
/Hr Q Snoek/REMI/9094529400 7020224499824033 HH/PURP//CD/EPAY
/ISDT/2025-11-24
:61:251124C000000000445,08N100EREF//2947684
NL29INGB0000775498
:86:/EREF/23-11-2025 11:12 7020606896823268/TRCD/100/ORDP//NAME
/Hr R Schenderling/REMI/9095152748 7020606896823268 VM/PURP//CD
/EPAY/ISDT/2025-11-24
:61:251124C000000000193,22N100EREF//2947685
NL50INGB0009542659
:86:/EREF/21-11-2025 17:36 7020126293947813/TRCD/100/ORDP//NAME
/Mw CBJ Elstak-de Kreij/REMI/9091813017 7020126293947813 AR/PURP
//CD/EPAY/ISDT/2025-11-24
:61:251124C000000000594,00N100EREF//2947686
NL42INGB0007557601
:86:/EREF/23-11-2025 15:28 7020976003032365/TRCD/100/ORDP//NAME
/Hr P B G van Oeffelt e/o Mw P M van Oeffelt-Kemper/REMI
/9095617516 7020976003032365 MD/PURP//CD/EPAY/ISDT/2025-11-24
:61:251124C000000000134,50N100EREF//2947687
NL65INGB0004719452
:86:/EREF/21-11-2025 18:15 7020046605888428/TRCD/100/ORDP//NAME
/Mw C Khusial-Woudenberg/REMI/9091910676 7020046605888428 VM
/PURP//CD/EPAY/ISDT/2025-11-24
:61:251124C000000000250,00N100EREF//2947688
NL31INGB0681812753
:86:/EREF/21-11-2025 20:31 7020045393857048/TRCD/100/ORDP//NAME
/Mw ATA van Peer/REMI/9092220287 7020045393857048 HA/PURP//CD
/EPAY/ISDT/2025-11-24
:61:251124C000000001328,29N100EREF//2947689
NL58INGB0009076915
:86:/EREF/23-11-2025 19:08 7020385388003733/TRCD/100/ORDP//NAME
/Mw RS Tentua-Bohne/REMI/9096037182 7020385388003733 SL/PURP//CD
/EPAY/ISDT/2025-11-24
:61:251124C000000000016,00N100EREF//2947690
NL58INGB0113195745
:86:/EREF/21-11-2025 18:38 7020586884917186/TRCD/100/ORDP//NAME
/Hr IB Smith/REMI/9091967186 7020586884917186 VM/PURP//CD/EPAY
/ISDT/2025-11-24
:61:251124C000000000376,10N100EREF//2947691
NL21INGB0670244325
:86:/EREF/23-11-2025 09:00 7020514781971039/TRCD/100/ORDP//NAME
/Hr M Vogel,Mw C Vogel-Barnhoorn/REMI/9094955004
 7020514781971039 HH/PURP//CD/EPAY/ISDT/2025-11-24
:61:251124C000000000291,42N100EREF//2947692
NL42INGB0009495952
:86:/EREF/22-11-2025 16:09 7020494806064750/TRCD/100/ORDP//NAME
/Mw C Philippo/REMI/9093851530 7020494806064750 EH/PURP//CD/EPAY
/ISDT/2025-11-24
:61:251124C000000000372,24N100EREF//2947693
NL10INGB0650307240
:86:/EREF/23-11-2025 08:46 7020294505972692/TRCD/100/ORDP//NAME
/Hr YIR van der Berg,Mw LE Romijn/REMI/9094940481
 7020294505972692 OD/PURP//CD/EPAY/ISDT/2025-11-24
:61:251124C000000000322,50N100EREF//2947694
NL78INGB0003447839
:86:/EREF/23-11-2025 11:47 7020136902821081/TRCD/100/ORDP//NAME
/Mw M Schroder, Hr PG Blok/REMI/9095213479 7020136902821081 LH
/PURP//CD/EPAY/ISDT/2025-11-24
:61:251124C000000000857,97N100EREF//2947695
NL73INGB0005346025
:86:/EREF/21-11-2025 18:59 7020025684948359/TRCD/100/ORDP//NAME
/Hr J J A Maas/REMI/9092016513 7020025684948359 SL/PURP//CD/EPAY
/ISDT/2025-11-24
:61:251124C000000000427,20N100EREF//2947696
NL46INGB0002484914
:86:/EREF/23-11-2025 12:17 7020325391031360/TRCD/100/ORDP//NAME
/Mw J Springer/REMI/9095273638 7020325391031360 HB/PURP//CD/EPAY
/ISDT/2025-11-24
:61:251124C000000000262,00N100EREF//2947697
NL36INGB0797425217
:86:/EREF/22-11-2025 11:43 7020954182035512/TRCD/100/ORDP//NAME
/Mw HLCJG Essers,Hr T van Wijk/REMI/9093231099 7020954182035512
 KV/PURP//CD/EPAY/ISDT/2025-11-24
:61:251124C000000000550,10N100EREF//2947698
NL42ABNA0483598445
:86:/EREF/21-11-2025 19:17 7020015403038275/TRCD/100/ORDP//NAME
/STEFAN FOKKERT/REMI/9092048516 7020015403038275 SR/PURP//CD
/EPAY/ISDT/2025-11-24
:61:251124C000000001410,84N100EREF//2947699
NL97RBRB0777963507
:86:/EREF/2025-11-21T14:10 7020526596859448/TRCD/100/ORDP//NAME
/D.A. Wijnalda e/o K. Wijnalda-Veenhuizen/REMI/9091274912
 7020526596859448 AG/PURP//CD/EPAY/ISDT/2025-11-24
:61:251124C000000000050,00N100EREF//2947700
NL69RBRB8835576016
:86:/EREF/2025-11-22T18:41 7020536899946646/TRCD/100/ORDP//NAME
/B. Timmermans e/o E. ter Veen/REMI/9094197315 7020536899946646
 HH/PURP//CD/EPAY/ISDT/2025-11-24
:61:251124C000000000045,00N100EREF//2947701
NL16SNSB0772725829
:86:/EREF/2025-11-21T19:51 7020555991097924/TRCD/100/ORDP//NAME
/K. van de Kuilen/REMI/9092144930 7020555991097924 KM/PURP//CD
/EPAY/ISDT/2025-11-24
:61:251124C000000000694,68N100EREF//2947702
NL60SNSB0852020112
:86:/EREF/2025-11-22T15:42 7020275685006754/TRCD/100/ORDP//NAME
/E. Out e/o B. vd Brink/REMI/9093791827 7020275685006754 MD/PURP
//CD/EPAY/ISDT/2025-11-24
:61:251124C000000000459,62N541EREF//2947703
NL96RABO0377529311
:86:/EREF/OO9B005240779782/PREF/OO9B005240779782/TRCD/541/ORDP/
/NAME/W. Maaskant eo H.F. Maaskant-Blaak/REMI/boekingsnr.7964180
/ISDT/2025-11-24
:61:251124C000000000402,22N100EREF//2947704
NL91INGB0658091972
:86:/EREF/23-11-2025 22:01 7020916287853289/TRCD/100/ORDP//NAME
/Mw PK Madecka/REMI/9096381839 7020916287853289 PZ/PURP//CD/EPAY
/ISDT/2025-11-24
:61:251124C000000000052,00N100EREF//2947705
NL34INGB0668438630
:86:/EREF/22-11-2025 22:43 7020074199856853/TRCD/100/ORDP//NAME
/Mw L Bouwmeester/REMI/9094571238 7020074199856853 ZV/PURP//CD
/EPAY/ISDT/2025-11-24
:61:251124C000000000017,95N100EREF//2947706
NL80INGB0008320501
:86:/EREF/22-11-2025 11:58 7020265399855302/TRCD/100/ORDP//NAME
/Hr PW van Zal/REMI/9093265560 7020265399855302 HH/PURP//CD/EPAY
/ISDT/2025-11-24
:61:251124C000000000030,00N100EREF//2947707
NL57INGB0004600383
:86:/EREF/21-11-2025 17:24 7020604196947174/TRCD/100/ORDP//NAME
/Hr JP van Eijk, LJM van Eijk-Schaapherder/REMI/9091784803
 7020604196947174 PZ/PURP//CD/EPAY/ISDT/2025-11-24
:61:251124C000000000560,47N100EREF//2947708
NL26SNSB0915710633
:86:/EREF/2025-11-22T14:55 7020776882036577/TRCD/100/ORDP//NAME
/A.M. Biesheuvel e/o A. Klok/REMI/9093674605 7020776882036577 AG
/PURP//CD/EPAY/ISDT/2025-11-24
:61:251124C000000000010,00N100EREF//2947709
NL93INGB0656811730
:86:/EREF/23-11-2025 14:16 7020325987821435/TRCD/100/ORDP//NAME
/Hr JP Blijs/REMI/9095485792 7020325987821435 EP/PURP//CD/EPAY
/ISDT/2025-11-24
:61:251124C000000000801,25N100EREF//2947710
NL39INGB0008434729
:86:/EREF/23-11-2025 09:58 7020344799853892/TRCD/100/ORDP//NAME
/Mw SEM Kupers,Hr S Massop/REMI/9095026456 7020344799853892 MD
/PURP//CD/EPAY/ISDT/2025-11-24
:61:251124C000000001139,80N100EREF//2947711
NL39INGB0006387447
:86:/EREF/23-11-2025 13:52 7020664791003199/TRCD/100/ORDP//NAME
/G G J van Wolferen e/o D C van Wolferen-van Deursen/REMI
/9095437970 7020664791003199 EP/PURP//CD/EPAY/ISDT/2025-11-24
:61:251124C000000000765,90N100EREF//2947712
NL46INGB0001909219
:86:/EREF/23-11-2025 12:11 7020674184911297/TRCD/100/ORDP//NAME
/Mw A A R Klomp/REMI/9095263693 7020674184911297 HH/PURP//CD
/EPAY/ISDT/2025-11-24
:61:251124C000000001483,48N100EREF//2947713
NL42INGB0793607965
:86:/EREF/23-11-2025 11:36 7020645990941897/TRCD/100/ORDP//NAME
/Hr K Vreezen, Mw MCW van Griethuijsen/REMI/9095196642
 7020645990941897 SL/PURP//CD/EPAY/ISDT/2025-11-24
:61:251124C000000000775,12N100EREF//2947714
NL13INGB0003162083
:86:/EREF/23-11-2025 08:59 7020466609062455/TRCD/100/ORDP//NAME
/Hr R Falkmann/REMI/9094955652 7020466609062455 EH/PURP//CD/EPAY
/ISDT/2025-11-24
:61:251124C000000000507,50N100EREF//2947715
NL03INGB0000642785
:86:/EREF/23-11-2025 12:56 7020185682032761/TRCD/100/ORDP//NAME
/Hr M W Sutorius/REMI/9095345630 7020185682032761 LH/PURP//CD
/EPAY/ISDT/2025-11-24
:61:251124C000000000417,92N100EREF//2947716
NL29INGB0005253212
:86:/EREF/22-11-2025 15:42 7020385382005275/TRCD/100/ORDP//NAME
/Mw C J Extra/REMI/9093791925 7020385382005275 AR/PURP//CD/EPAY
/ISDT/2025-11-24
:61:251124C000000000682,65N100EREF//2947717
NL75INGB0009383032
:86:/EREF/22-11-2025 17:52 7020306887976607/TRCD/100/ORDP//NAME
/Hr S Marzban,Mw J Marzban-Nijhuis/REMI/9094087339
 7020306887976607 BK/PURP//CD/EPAY/ISDT/2025-11-24
:61:251124C000000000837,52N100EREF//2947718
NL82SNSB0918341817
:86:/EREF/2025-11-22T13:39 7020135703094228/TRCD/100/ORDP//NAME
/G.A. Spee e/o E. Sterling/REMI/9093505354 7020135703094228 KM
/PURP//CD/EPAY/ISDT/2025-11-24
:61:251124C000000000028,50N100EREF//2947719
NL65INGB0109155084
:86:/EREF/22-11-2025 20:14 7020866299886793/TRCD/100/ORDP//NAME
/Mw D Vial/REMI/9094365536 7020866299886793 HH/PURP//CD/EPAY
/ISDT/2025-11-24
:61:251124C000000000004,95N100EREF//2947720
NL41INGB0008748876
:86:/EREF/23-11-2025 10:09 7020925108912485/TRCD/100/ORDP//NAME
/Hr DC Waanders/REMI/9095047591 7020925108912485 EH/PURP//CD
/EPAY/ISDT/2025-11-24
:61:251124C000000000450,10N100EREF//2947721
NL70INGB0002527841
:86:/EREF/23-11-2025 13:10 7020006584972791/TRCD/100/ORDP//NAME
/Mw I Liefers/REMI/9095371064 7020006584972791 HH/PURP//CD/EPAY
/ISDT/2025-11-24
:61:251124C000000000073,50N100EREF//2947722
NL72INGB0006862638
:86:/EREF/23-11-2025 20:39 7020625990853952/TRCD/100/ORDP//NAME
/Mw N Hennevelt/REMI/9096224812 7020625990853952 ZV/PURP//CD
/EPAY/ISDT/2025-11-24
:61:251124C000000001109,32N100EREF//2947723
NL63INGB0004348754
:86:/EREF/22-11-2025 17:46 7020044782036424/TRCD/100/ORDP//NAME
/Hr MGH Otter,JWM Otter-van der Hoeven/REMI/9094075649
 7020044782036424 EH/PURP//CD/EPAY/ISDT/2025-11-24
:61:251124C000000000491,70N100EREF//2947724
NL56INGB0007744947
:86:/EREF/21-11-2025 19:14 7020184782068803/TRCD/100/ORDP//NAME
/RABO BESTRATINGEN/REMI/9092053162 7020184782068803 HB/PURP//CD
/EPAY/ISDT/2025-11-24
:61:251124C000000000329,06N100EREF//2947725
NL12INGB0005212487
:86:/EREF/21-11-2025 16:18 7020865688068014/TRCD/100/ORDP//NAME
/Hr A van Lenten, M van Lenten-van der Zee/REMI/9091610645
 7020865688068014 PZ/PURP//CD/EPAY/ISDT/2025-11-24
:61:251124C000000000058,50N100EREF//2947726
NL21INGB0005954084
:86:/EREF/21-11-2025 22:05 7020315385037504/TRCD/100/ORDP//NAME
/Mw N Frijlink/REMI/9092372697 7020315385037504 HB/PURP//CD/EPAY
/ISDT/2025-11-24
:61:251124C000000000358,24N100EREF//2947727
NL53INGB0005605278
:86:/EREF/23-11-2025 20:28 7020475981971726/TRCD/100/ORDP//NAME
/Mw PE Schoenmaker/REMI/9096204408 7020475981971726 OD/PURP//CD
/EPAY/ISDT/2025-11-24
:61:251124C000000002495,50N100EREF//2947728
NL81INGB0003641591
:86:/EREF/21-11-2025 23:06 7020484484917459/TRCD/100/ORDP//NAME
/Hr B Hamaker en Mw H R Hamaker-Zaal/REMI/9092463209
 7020484484917459 ZV/PURP//CD/EPAY/ISDT/2025-11-24
:61:251124C000000000447,75N100EREF//2947729
NL71INGB0008977256
:86:/EREF/21-11-2025 20:15 7020125091007903/TRCD/100/ORDP//NAME
/Mw LS Gerritse-Weggeman/REMI/9092190902 7020125091007903 HH
/PURP//CD/EPAY/ISDT/2025-11-24
:61:251124C000000000150,00N100EREF//2947730
NL61INGB0748034501
:86:/EREF/22-11-2025 11:46 7020576896826826/TRCD/100/ORDP//NAME
/Hr S van Dockum, Mw AAA van Vuren/REMI/9093239291
 7020576896826826 VM/PURP//CD/EPAY/ISDT/2025-11-24
:61:251124C000000000035,00N100EREF//2947731
NL12INGB0003792601
:86:/EREF/21-11-2025 18:51 7020116303067675/TRCD/100/ORDP//NAME
/Mw P de Groot/REMI/9092000290 7020116303067675 VM/PURP//CD/EPAY
/ISDT/2025-11-24
:61:251124C000000000250,00N100EREF//2947732
NL08INGB0008202487
:86:/EREF/23-11-2025 08:18 7020286891001231/TRCD/100/ORDP//NAME
/Hr AP Meijer/REMI/9094917427 7020286891001231 VM/PURP//CD/EPAY
/ISDT/2025-11-24
:61:251124C000000000316,65N100EREF//2947733
NL36INGB0662850521
:86:/EREF/22-11-2025 10:36 7020824190915092/TRCD/100/ORDP//NAME
/Hr NWM van Hooff,Mw RJR Pels/REMI/9093068974 7020824190915092
 SR/PURP//CD/EPAY/ISDT/2025-11-24
:61:251124C000000000275,60N100EREF//2947734
NL95ABNA0828373515
:86:/EREF/21-11-2025 16:38 7020665697009694/TRCD/100/ORDP//NAME
/R YAGHDI/REMI/9091661844 7020665697009694 ZV/PURP//CD/EPAY/ISDT
/2025-11-24
:61:251124C000000000665,64N100EREF//2947735
NL73ABNA0547424469
:86:/EREF/21-11-2025 19:43 7020584796947726/TRCD/100/ORDP//NAME
/R VREDENBREGT CJ/REMI/9092125343 7020584796947726 BT/PURP//CD
/EPAY/ISDT/2025-11-24
:61:251124C000000000025,00N100EREF//2947736
NL54ABNA0801652014
:86:/EREF/21-11-2025 19:26 7020245397009025/TRCD/100/ORDP//NAME
/VEGT M VAN DER CJ/REMI/9092083382 7020245397009025 MD/PURP//CD
/EPAY/ISDT/2025-11-24
:61:251124C000000000623,80N100EREF//2947737
NL10SNSB0944490336
:86:/EREF/2025-11-22T19:37 7020695091095401/TRCD/100/ORDP//NAME
/J. Heuver/REMI/9094304788 7020695091095401 KV/PURP//CD/EPAY
/ISDT/2025-11-24
:61:251124C000000001514,47N100EREF//2947738
NL15INGB0700726683
:86:/EREF/23-11-2025 13:59 7020334191091738/TRCD/100/ORDP//NAME
/Hr KMF van der Werf/REMI/9095451676 7020334191091738 PZ/PURP/
/CD/EPAY/ISDT/2025-11-24
:61:251124C000000000729,96N100EREF//2947739
NL04RABO0156008963
:86:/EREF/24-11-2025 10:55 7020946008820910/TRCD/100/ORDP//NAME
/J.A.M.M.Janssens eo P.M.Janssens-Thijssen/REMI/9097271463
 7020946008820910 MD xui-55492264/PURP//CD/EPAY/ISDT/2025-11-24
:61:251124C000000000986,16N100EREF//2947740
NL04RABO0385473036
:86:/EREF/24-11-2025 10:55 7020516896819374/TRCD/100/ORDP//NAME
/B. Westra-Scheppink/REMI/9097271418 7020516896819374 EH xui
-99966756/PURP//CD/EPAY/ISDT/2025-11-24
:61:251124C000000000659,96N100EREF//2947741
NL36INGB0003591961
:86:/EREF/23-11-2025 22:23 7020354187881732/TRCD/100/ORDP//NAME
/Mw A Bruinsma/REMI/9096421420 7020354187881732 SL/PURP//CD/EPAY
/ISDT/2025-11-24
:61:251124C000000001271,60N100EREF//2947742
NL05INGB0005663857
:86:/EREF/23-11-2025 22:21 7020235696973388/TRCD/100/ORDP//NAME
/Hr O Uijt ten Boogaart, Mw M Hage/REMI/9096420960
 7020235696973388 HB/PURP//CD/EPAY/ISDT/2025-11-24
:61:251124C000000000801,00N100EREF//2947743
NL97INGB0689112076
:86:/EREF/24-11-2025 00:04 7020335387973289/TRCD/100/ORDP//NAME
/Mw H Y Chan/REMI/9096551680 7020335387973289 EP/PURP//CD/EPAY
/ISDT/2025-11-24
:61:251124C000000000619,00N100EREF//2947744
NL30INGB0004759173
:86:/EREF/23-11-2025 23:56 7020924794033076/TRCD/100/ORDP//NAME
/Hr A C van de Meeberg e/o Mw B Giele/REMI/9096547024
 7020924794033076 KV/PURP//CD/EPAY/ISDT/2025-11-24
:61:251124C000000001634,80N100EREF//2947745
NL29RBRB0929945689
:86:/EREF/2025-11-22T11:29 7020885381886511/TRCD/100/ORDP//NAME
/J.S.W. van Woerkom/REMI/9093203565 7020885381886511 HH/PURP//CD
/EPAY/ISDT/2025-11-24
:61:251124C000000000045,00N100EREF//2947746
NL88INGB0008132662
:86:/EREF/24-11-2025 05:20 7020404800060928/TRCD/100/ORDP//NAME
/Mw P P Leta/REMI/9096732343 7020404800060928 KM/PURP//CD/EPAY
/ISDT/2025-11-24
:61:251124C000000000118,00N100EREF//2947747
NL21INGB0003665951
:86:/EREF/22-11-2025 14:38 7020825997064291/TRCD/100/ORDP//NAME
/Hr EBM van der Sommen,MHW vd Sommen-Hergraaven/REMI/9093640822
 7020825997064291 KV/PURP//CD/EPAY/ISDT/2025-11-24
:61:251124C000000000350,74N100EREF//2947748
NL42INGB0004749160
:86:/EREF/22-11-2025 22:31 7020465387975683/TRCD/100/ORDP//NAME
/Hr MT de Roos,Mw JP de Roos-van Vliet/REMI/9094559978
 7020465387975683 SR/PURP//CD/EPAY/ISDT/2025-11-24
:61:251124C000000000251,90N100EREF//2947749
NL29INGB0008534043
:86:/EREF/22-11-2025 14:38 7020316603066865/TRCD/100/ORDP//NAME
/Hr JR van der Woude/REMI/9093640953 7020316603066865 HB/PURP/
/CD/EPAY/ISDT/2025-11-24
:61:251124C000000002618,70N100EREF//2947750
NL42SNSB0955449499
:86:/EREF/2025-11-22T13:04 7020716002946862/TRCD/100/ORDP//NAME
/J. Smits-Zuidema e/o R. Smits/REMI/9093421263 7020716002946862
 KV/PURP//CD/EPAY/ISDT/2025-11-24
:61:251124C000000000320,12N100EREF//2947751
NL98INGB0008413394
:86:/EREF/21-11-2025 17:22 7020576593918938/TRCD/100/ORDP//NAME
/Mw MA Dekkinga-van Spanje/REMI/9091776327 7020576593918938 EH
/PURP//CD/EPAY/ISDT/2025-11-24
:61:251124C000000000919,00N100EREF//2947752
NL73INGB0656303034
:86:/EREF/22-11-2025 15:08 7020944502856991/TRCD/100/ORDP//NAME
/Hr A P Mak en/of Mw T M Mak-Kamerling/REMI/9093710223
 7020944502856991 HB/PURP//CD/EPAY/ISDT/2025-11-24
:61:251124C000000000215,00N100EREF//2947753
NL49INGB0663527929
:86:/EREF/23-11-2025 19:10 7020206885032965/TRCD/100/ORDP//NAME
/Hr R van der Wilt/REMI/9096043267 7020206885032965 HB/PURP//CD
/EPAY/ISDT/2025-11-24
:61:251124C000000001998,84N100EREF//2947754
NL88INGB0007319511
:86:/EREF/23-11-2025 15:52 7020134782061954/TRCD/100/ORDP//NAME
/Mw D Snellenburg/REMI/9095660927 7020134782061954 EH/PURP//CD
/EPAY/ISDT/2025-11-24
:61:251124C000000000595,44N100EREF//2947755
NL25INGB0004926879
:86:/EREF/22-11-2025 12:01 7020834503094792/TRCD/100/ORDP//NAME
/Mw D H Frohn/REMI/9093275296 7020834503094792 EH/PURP//CD/EPAY
/ISDT/2025-11-24
:61:251124C000000000616,85N100EREF//2947756
NL83INGB0004985975
:86:/EREF/23-11-2025 15:59 7020855397061798/TRCD/100/ORDP//NAME
/Mw A M C Manning-Caspers e/o Hr H A Manning/REMI/9095671293
 7020855397061798 SR/PURP//CD/EPAY/ISDT/2025-11-24
:61:251124C000000000332,37N100EREF//2947757
NL50INGB0007350944
:86:/EREF/22-11-2025 11:00 7020565390916493/TRCD/100/ORDP//NAME
/Mw A Vermeulen/REMI/9093125735 7020565390916493 EH/PURP//CD
/EPAY/ISDT/2025-11-24
:61:251124C000000001159,98N100EREF//2947758
NL80INGB0007875659
:86:/EREF/23-11-2025 21:04 7020395990911405/TRCD/100/ORDP//NAME
/Mw DL Gevers/REMI/9096270847 7020395990911405 HE/PURP//CD/EPAY
/ISDT/2025-11-24
:61:251124C000000000483,16N100EREF//2947759
NL24INGB0673809021
:86:/EREF/21-11-2025 16:02 7020436291039313/TRCD/100/ORDP//NAME
/Hr MJ Krijthe/REMI/9091566957 7020436291039313 EH/PURP//CD/EPAY
/ISDT/2025-11-24
:61:251124C000000000015,00N100EREF//2947760
NL16RBRB0782945430
:86:/EREF/2025-11-23T12:43 7020485999973415/TRCD/100/ORDP//NAME
/E. Dijkman e/o F.G.W. Hoek/REMI/9095320825 7020485999973415 HH
/PURP//CD/EPAY/ISDT/2025-11-24
:61:251124C000000000059,00N100EREF//2947761
NL44INGB0000652038
:86:/EREF/21-11-2025 21:50 7020735100069919/TRCD/100/ORDP//NAME
/Mw N B Muileboom/REMI/9092349235 7020735100069919 SL/PURP//CD
/EPAY/ISDT/2025-11-24
:61:251124C000000000904,40N100EREF//2947762
NL37INGB0007751885
:86:/EREF/22-11-2025 22:55 7020686005885710/TRCD/100/ORDP//NAME
/Mw JS Miralles, Hr TWM Schaap/REMI/9094588726 7020686005885710
 HB/PURP//CD/EPAY/ISDT/2025-11-24
:61:251124C000000000262,60N100EREF//2947763
NL32SNSB8834297571
:86:/EREF/2025-11-22T10:13 7020525105856532/TRCD/100/ORDP//NAME
/A.A.B.M.H. Jacobs/REMI/9093014977 7020525105856532 HB/PURP//CD
/EPAY/ISDT/2025-11-24
:61:251124C000000001408,00N100EREF//2947764
NL16INGB0001946037
:86:/EREF/22-11-2025 20:23 7020795708946004/TRCD/100/ORDP//NAME
/Hr B Hoekstra en Mw A Hoekstra-Onderstal/REMI/9094378975
 7020795708946004 MD/PURP//CD/EPAY/ISDT/2025-11-24
:61:251124C000000000813,39N100EREF//2947765
NL15INGB0007344687
:86:/EREF/22-11-2025 18:48 7020744481854066/TRCD/100/ORDP//NAME
/Mw DG Adao/REMI/9094205655 7020744481854066 PZ/PURP//CD/EPAY
/ISDT/2025-11-24
:61:251124C000000000015,00N100EREF//2947766
NL42INGB0664396690
:86:/EREF/23-11-2025 13:36 7020326587823961/TRCD/100/ORDP//NAME
/Mw W van der Raad en/of Hr D J Zorgdrager/REMI/9095413679
 7020326587823961 PZ/PURP//CD/EPAY/ISDT/2025-11-24
:61:251124C000000000924,60N100EREF//2947767
NL92INGB0001789857
:86:/EREF/21-11-2025 18:06 7020404491039124/TRCD/100/ORDP//NAME
/Mw V N Baanstra/REMI/9091884492 7020404491039124 HH/PURP//CD
/EPAY/ISDT/2025-11-24
:61:251124C000000000608,99N100EREF//2947768
NL04INGB0003917390
:86:/EREF/21-11-2025 16:14 7020396894068398/TRCD/100/ORDP//NAME
/Hr Th Everts en Mw R Everts-Machiela/REMI/9091595599
 7020396894068398 HH/PURP//CD/EPAY/ISDT/2025-11-24
:61:251124C000000000005,00N100EREF//2947769
NL65INGB0007640316
:86:/EREF/23-11-2025 16:12 7020256305942161/TRCD/100/ORDP//NAME
/Mw SR Haaksma/REMI/9095699935 7020256305942161 HB/PURP//CD/EPAY
/ISDT/2025-11-24
:61:251124C000000000373,74N100EREF//2947770
NL48INGB0658464159
:86:/EREF/22-11-2025 09:54 7020614190825101/TRCD/100/ORDP//NAME
/Hr P G Noordam en/of Mw S M Noordam-Nederlof/REMI/9092976650
 7020614190825101 SL/PURP//CD/EPAY/ISDT/2025-11-24
:61:251124C000000000610,35N100EREF//2947771
NL37SNSB0906928249
:86:/EREF/2025-11-22T13:16 7020344806005053/TRCD/100/ORDP//NAME
/L. Bosma e/o R. Veenstra/REMI/9093451875 7020344806005053 SL
/PURP//CD/EPAY/ISDT/2025-11-24
:61:251124C000000000780,04N100EREF//2947772
NL63INGB0002262963
:86:/EREF/21-11-2025 21:19 7020356891007546/TRCD/100/ORDP//NAME
/Mw J F de Voijs-Niemoller e/o Hr H de Voijs/REMI/9092296738
 7020356891007546 HH/PURP//CD/EPAY/ISDT/2025-11-24
:61:251124C000000000585,00N100EREF//2947773
NL74INGB0000458662
:86:/EREF/22-11-2025 22:11 7020926606035812/TRCD/100/ORDP//NAME
/Hr T Koobs/REMI/9094530774 7020926606035812 HB/PURP//CD/EPAY
/ISDT/2025-11-24
:61:251124C000000000485,32N100EREF//2947774
NL30INGB0003827876
:86:/EREF/23-11-2025 08:49 7020595403093343/TRCD/100/ORDP//NAME
/Hr P P J Raedts en/of Mw C M H van Meerten/REMI/9094943199
 7020595403093343 EH/PURP//CD/EPAY/ISDT/2025-11-24
:61:251124C000000000978,45N100EREF//2947775
NL97INGB0004486852
:86:/EREF/23-11-2025 18:02 7020644188032773/TRCD/100/ORDP//NAME
/Mw W A de Jong e/o Hr K H Langenfeld/REMI/9095906318
 7020644188032773 HH/PURP//CD/EPAY/ISDT/2025-11-24
:61:251124C000000000923,80N100EREF//2947776
NL62INGB0004093274
:86:/EREF/23-11-2025 14:15 7020955085093865/TRCD/100/ORDP//NAME
/Mw G Preiss/REMI/9095481456 7020955085093865 ZV/PURP//CD/EPAY
/ISDT/2025-11-24
:61:251124C000000000307,60N100EREF//2947777
NL28INGB0675664365
:86:/EREF/23-11-2025 12:12 7020605382032833/TRCD/100/ORDP//NAME
/Hr SJ Miltenburg/REMI/9095259758 7020605382032833 HB/PURP//CD
/EPAY/ISDT/2025-11-24
:61:251124C000000000761,64N100EREF//2947778
NL04INGB0007900307
:86:/EREF/22-11-2025 07:16 7020036590946232/TRCD/100/ORDP//NAME
/Hr D Dam, Mw K Klokgieters/REMI/9092767111 7020036590946232 AG
/PURP//CD/EPAY/ISDT/2025-11-24
:61:251124C000000000959,12N100EREF//2947779
NL38RBRB0941033791
:86:/EREF/2025-11-22T19:31 7020654494096769/TRCD/100/ORDP//NAME
/D.W. Keijl e/o H. Keijl-Kok/REMI/9094290803 7020654494096769 EH
/PURP//CD/EPAY/ISDT/2025-11-24
:61:251124C000000000107,50N100EREF//2947780
NL03RBRB8837070616
:86:/EREF/2025-11-22T16:51 7020696596855365/TRCD/100/ORDP//NAME
/R. Geerts e/o S.R.D. Suoth/REMI/9093955615 7020696596855365 KV
/PURP//CD/EPAY/ISDT/2025-11-24
:61:251124C000000000825,36N100EREF//2947781
NL54SNSB0906777593
:86:/EREF/2025-11-23T12:52 7020115406032461/TRCD/100/ORDP//NAME
/F.C.M. van Beijnen e/o S.J.C. van Beijnen-Bechtold/REMI
/9095336969 7020115406032461 HH/PURP//CD/EPAY/ISDT/2025-11-24
:61:251124C000000000861,20N100EREF//2947782
NL34SNSB8839155198
:86:/EREF/2025-11-22T20:09 7020805088004504/TRCD/100/ORDP//NAME
/S.H. VAN VERSEVELD/REMI/9094357325 7020805088004504 HB/PURP//CD
/EPAY/ISDT/2025-11-24
:61:251124C000000000458,80N100EREF//2947783
NL76ABNA0455020566
:86:/EREF/21-11-2025 17:49 7020804502857591/TRCD/100/ORDP//NAME
/H EL MORABET CJ/REMI/9091841980 7020804502857591 VN/PURP//CD
/EPAY/ISDT/2025-11-24
:61:251124C000000000201,80N100EREF//2947784
NL88RBRB8842199028
:86:/EREF/2025-11-21T14:31 7020406909008866/TRCD/100/ORDP//NAME
/M.P.H. Kolderman e/o J.B. Kolderman-van Bostelen/REMI
/9091329214 7020406909008866 HH/PURP//CD/EPAY/ISDT/2025-11-24
:61:251124C000000000436,10N100EREF//2947785
NL56ABNA0441860257
:86:/EREF/21-11-2025 15:40 7020735084857075/TRCD/100/ORDP//NAME
/RACHEL MEEKEL/REMI/9091510262 7020735084857075 HH/PURP//CD/EPAY
/ISDT/2025-11-24
:61:251124C000000000557,20N100EREF//2947786
NL44RBRB8836845517
:86:/EREF/2025-11-21T20:55 7020206284978605/TRCD/100/ORDP//NAME
/R. Nekts/REMI/9092259322 7020206284978605 SR/PURP//CD/EPAY/ISDT
/2025-11-24
:61:251124C000000000621,50N100EREF//2947787
NL67BUNQ2078622044
:86:/EREF/22-11-2025 12:19 7020374505886928/TRCD/100/ORDP//NAME
/D.Z. Keleti/REMI/9093321745 7020374505886928 HB/PURP//CD/EPAY
/ISDT/2025-11-24
:61:251124C000000003517,25N100EREF//2947788
NL37INGB0007880992
:86:/EREF/22-11-2025 17:22 7020046605976943/TRCD/100/ORDP//NAME
/SB Installatie/REMI/9094015388 7020046605976943 HB/PURP//CD
/EPAY/ISDT/2025-11-24
:61:251124C000000000296,48N100EREF//2947789
NL47RABO0341014834
:86:/EREF/24-11-2025 10:59 7020866306059875/TRCD/100/ORDP//NAME
/D.G.C. Kuijpers/REMI/9097282285 7020866306059875 HA xui
-39907641/PURP//CD/EPAY/ISDT/2025-11-24
:61:251124C000000000524,24N100EREF//2947790
NL14INGB0660692570
:86:/EREF/23-11-2025 21:44 7020174806093247/TRCD/100/ORDP//NAME
/Hr TA Mooseajee,Mw M Kuik/REMI/9096352913 7020174806093247 EH
/PURP//CD/EPAY/ISDT/2025-11-24
:61:251124C000000001392,96N100EREF//2947791
NL52INGB0750849797
:86:/EREF/23-11-2025 21:42 7020946593883355/TRCD/100/ORDP//NAME
/Mw M Slatius/REMI/9096344531 7020946593883355 SL/PURP//CD/EPAY
/ISDT/2025-11-24
:61:251124C000000000648,48N100EREF//2947792
NL54INGB0701424575
:86:/EREF/23-11-2025 22:07 7020635090913976/TRCD/100/ORDP//NAME
/Mw D Obied/REMI/9096392751 7020635090913976 EH/PURP//CD/EPAY
/ISDT/2025-11-24
:61:251124C000000000048,00N100EREF//2947793
NL81INGB0749828641
:86:/EREF/22-11-2025 10:58 7020656588036316/TRCD/100/ORDP//NAME
/Mw ME Talman, Hr R van Dulmen/REMI/9093125359 7020656588036316
 HE/PURP//CD/EPAY/ISDT/2025-11-24
:61:251124C000000001295,00N100EREF//2947794
NL07INGB0008389327
:86:/EREF/22-11-2025 16:30 7020094802824462/TRCD/100/ORDP//NAME
/Mw K V Matabadal/REMI/9093907477 7020094802824462 TH/PURP//CD
/EPAY/ISDT/2025-11-24
:61:251124C000000000119,80N100EREF//2947795
NL42INGB0005173729
:86:/EREF/23-11-2025 21:06 7020166005881819/TRCD/100/ORDP//NAME
/Mw M Wiese-Kohler, Hr DA Wiese/REMI/9096276795 7020166005881819
 PZ/PURP//CD/EPAY/ISDT/2025-11-24
:61:251124C000000000371,00N100EREF//2947796
NL37INGB0005968249
:86:/EREF/23-11-2025 09:07 7020854481853298/TRCD/100/ORDP//NAME
/Mw P Wagenaar/REMI/9094963469 7020854481853298 HB/PURP//CD/EPAY
/ISDT/2025-11-24
:61:251124C000000001669,00N100EREF//2947797
NL09INGB0004219649
:86:/EREF/22-11-2025 08:28 7020034799945488/TRCD/100/ORDP//NAME
/Hr H J H T Stuiver en Mw A M M Vogel/REMI/9092830200
 7020034799945488 TH/PURP//CD/EPAY/ISDT/2025-11-24
:61:251124C000000000989,14N100EREF//2947798
NL02INGB0007547360
:86:/EREF/22-11-2025 17:09 7020435106095608/TRCD/100/ORDP//NAME
/Mw FE Hokken/REMI/9093991848 7020435106095608 EH/PURP//CD/EPAY
/ISDT/2025-11-24
:61:251124C000000000075,00N100EREF//2947799
NL35INGB0634768360
:86:/EREF/21-11-2025 20:52 7020215706007123/TRCD/100/ORDP//NAME
/Mw W Bijsterveld,Hr DWH Ebben/REMI/9092250463 7020215706007123
 EH/PURP//CD/EPAY/ISDT/2025-11-24
:61:251124C000000000954,12N100EREF//2947800
NL10INGB0006842317
:86:/EREF/21-11-2025 15:53 7020556590828140/TRCD/100/ORDP//NAME
/Mw N T van der Lugt-van Hout/REMI/9091547651 7020556590828140
 HB/PURP//CD/EPAY/ISDT/2025-11-24
:61:251124C000000000432,60N100EREF//2947801
NL53INGB0796842329
:86:/EREF/22-11-2025 09:51 7020286290824363/TRCD/100/ORDP//NAME
/Hr R van Duijnhoven,Mw A Schone/REMI/9092966899
 7020286290824363 HH/PURP//CD/EPAY/ISDT/2025-11-24
:61:251124C000000000361,50N100EREF//2947802
NL46INGB0004225967
:86:/EREF/23-11-2025 10:33 7020225088062392/TRCD/100/ORDP//NAME
/Mw Y Rahou/REMI/9095087469 7020225088062392 HB/PURP//CD/EPAY
/ISDT/2025-11-24
:61:251124C000000000042,00N100EREF//2947803
NL25INGB0704018004
:86:/EREF/23-11-2025 09:58 7020366299823754/TRCD/100/ORDP//NAME
/Mw JS Nijenhuis, Hr PHA de Nijs/REMI/9095032985
 7020366299823754 HE/PURP//CD/EPAY/ISDT/2025-11-24
:61:251124C000000000527,49N100EREF//2947804
NL17INGB0663038073
:86:/EREF/22-11-2025 21:37 7020924791036595/TRCD/100/ORDP//NAME
/Hr S van der Giessen, Mw R Preesman/REMI/9094485793
 7020924791036595 SL/PURP//CD/EPAY/ISDT/2025-11-24
:61:251124C000000001247,22N100EREF//2947805
NL10INGB0793219086
:86:/EREF/23-11-2025 10:47 7020866608852740/TRCD/100/ORDP//NAME
/Mw MK Kans/REMI/9095106262 7020866608852740 PZ/PURP//CD/EPAY
/ISDT/2025-11-24
:61:251124C000000000498,19N100EREF//2947806
NL21INGB0663417465
:86:/EREF/23-11-2025 15:23 7020135397002836/TRCD/100/ORDP//NAME
/Mw E Smits/REMI/9095602969 7020135397002836 EH/PURP//CD/EPAY
/ISDT/2025-11-24
:61:251124C000000000404,04N100EREF//2947807
NL10INGB0006559562
:86:/EREF/23-11-2025 13:12 7020214187882620/TRCD/100/ORDP//NAME
/Hr J Roerink en/of Mw L Koning/REMI/9095369985 7020214187882620
 MD/PURP//CD/EPAY/ISDT/2025-11-24
:61:251124C000000000152,50N100EREF//2947808
NL68RBRB8841552883
:86:/EREF/2025-11-23T07:15 7020225987881957/TRCD/100/ORDP//NAME
/P. Weijs/REMI/9094884128 7020225987881957 MD/PURP//CD/EPAY/ISDT
/2025-11-24
:61:251124C000000000032,00N100EREF//2947809
NL77INGB0658141791
:86:/EREF/23-11-2025 09:44 7020715997001456/TRCD/100/ORDP//NAME
/Mw C Stevens-Pauls/REMI/9095006555 7020715997001456 EP/PURP//CD
/EPAY/ISDT/2025-11-24
:61:251124C000000001818,76N100EREF//2947810
NL43INGB0006276989
:86:/EREF/23-11-2025 16:42 7020895085091681/TRCD/100/ORDP//NAME
/Hr HJ van der Zon jr./REMI/9095756310 7020895085091681 EH/PURP/
/CD/EPAY/ISDT/2025-11-24
:61:251124C000000000116,80N100EREF//2947811
NL32INGB0001172950
:86:/EREF/21-11-2025 20:24 7020374191037327/TRCD/100/ORDP//NAME
/Mw N van Delden/REMI/9092202478 7020374191037327 HH/PURP//CD
/EPAY/ISDT/2025-11-24
:61:251124C000000000512,92N100EREF//2947812
NL57INGB0008768279
:86:/EREF/23-11-2025 16:33 7020306285001180/TRCD/100/ORDP//NAME
/Mw L Meijer/REMI/9095733877 7020306285001180 EH/PURP//CD/EPAY
/ISDT/2025-11-24
:61:251124C000000000012,00N100EREF//2947813
NL43INGB0008746997
:86:/EREF/22-11-2025 09:48 7020365700035143/TRCD/100/ORDP//NAME
/Mw DM Lemmens/REMI/9092963364 7020365700035143 LH/PURP//CD/EPAY
/ISDT/2025-11-24
:61:251124C000000000644,28N100EREF//2947814
NL90INGB0004146120
:86:/EREF/23-11-2025 19:06 7020036587852746/TRCD/100/ORDP//NAME
/Hr JBM van der Meule,Mw TTM vd Meule-van Rijn/REMI/9096034186
 7020036587852746 MD/PURP//CD/EPAY/ISDT/2025-11-24
:61:251124C000000000012,50N100EREF//2947815
NL87INGB0008121719
:86:/EREF/22-11-2025 12:39 7020744191064735/TRCD/100/ORDP//NAME
/Hr P Verwijmeren, Mw M Roodzant/REMI/9093364587
 7020744191064735 KV/PURP//CD/EPAY/ISDT/2025-11-24
:61:251124C000000000134,00N100EREF//2947816
NL10INGB0675178622
:86:/EREF/21-11-2025 18:41 7020835982069649/TRCD/100/ORDP//NAME
/M Tuinman/REMI/9091978243 7020835982069649 EH/PURP//CD/EPAY
/ISDT/2025-11-24
:61:251124C000000000038,25N100EREF//2947817
NL32INGB0005222603
:86:/EREF/21-11-2025 21:52 7020766594007639/TRCD/100/ORDP//NAME
/Mw WM Loeffen/REMI/9092347546 7020766594007639 MD/PURP//CD/EPAY
/ISDT/2025-11-24
:61:251124C000000000007,00N100EREF//2947818
NL28INGB0005683910
:86:/EREF/23-11-2025 12:19 7020705991001198/TRCD/100/ORDP//NAME
/Mw RGH Moonen/REMI/9095275769 7020705991001198 KV/PURP//CD/EPAY
/ISDT/2025-11-24
:61:251124C000000000341,20N100EREF//2947819
NL88INGB0709476612
:86:/EREF/23-11-2025 14:40 7020146899852107/TRCD/100/ORDP//NAME
/Mw Z Wester/REMI/9095530408 7020146899852107 HH/PURP//CD/EPAY
/ISDT/2025-11-24
:61:251124C000000000751,75N100EREF//2947820
NL09INGB0002423015
:86:/EREF/23-11-2025 20:07 7020545090912320/TRCD/100/ORDP//NAME
/Hr PX Frank/REMI/9096170431 7020545090912320 HH/PURP//CD/EPAY
/ISDT/2025-11-24
:61:251124C000000002876,40N100EREF//2947821
NL19INGB0006512937
:86:/EREF/21-11-2025 18:54 7020824784979541/TRCD/100/ORDP//NAME
/Hr P de Jong en/of Mw C de Jong-Weeda/REMI/9092001819
 7020824784979541 KV/PURP//CD/EPAY/ISDT/2025-11-24
:61:251124C000000003679,60N100EREF//2947822
NL39ABNA0863613071
:86:/EREF/23-11-2025 10:00 7020074197001216/TRCD/100/ORDP//NAME
/BLESGRAAF A/REMI/9095031511 7020074197001216 EP/PURP//CD/EPAY
/ISDT/2025-11-24
:61:251124C000000000529,48N100EREF//2947823
NL09ABNA0564164038
:86:/EREF/23-11-2025 21:52 7020225990883067/TRCD/100/ORDP//NAME
/I HUISKENS/REMI/9096366941 7020225990883067 VM/PURP//CD/EPAY
/ISDT/2025-11-24
:61:251124C000000000049,00N100EREF//2947824
NL52ABNA0427692121
:86:/EREF/23-11-2025 21:30 7020455985062128/TRCD/100/ORDP//NAME
/GC VOSSELMAN/REMI/9096322015 7020455985062128 SR/PURP//CD/EPAY
/ISDT/2025-11-24
:61:251124C000000000269,86N100EREF//2947825
NL10ABNA0462555550
:86:/EREF/23-11-2025 09:20 7020204502821642/TRCD/100/ORDP//NAME
/LP MIDDENDORP/REMI/9094978553 7020204502821642 EH/PURP//CD/EPAY
/ISDT/2025-11-24
:61:251124C000000000200,60N100EREF//2947826
NL15ABNA0607450762
:86:/EREF/21-11-2025 21:55 7020664208977594/TRCD/100/ORDP//NAME
/FRANCISKA LAMBECK/REMI/9092355636 7020664208977594 BS/PURP//CD
/EPAY/ISDT/2025-11-24
:61:251124C000000000367,40N100EREF//2947827
NL53ABNA0558945325
:86:/EREF/22-11-2025 21:00 7020344193885935/TRCD/100/ORDP//NAME
/MMH WILLEMSEN CJ/REMI/9094433577 7020344193885935 KV/PURP//CD
/EPAY/ISDT/2025-11-24
:61:251124C000000000068,75N100EREF//2947828
NL21ABNA0492548625
:86:/EREF/21-11-2025 21:07 7020144496889232/TRCD/100/ORDP//NAME
/D HUYZERS CJ/REMI/9092276060 7020144496889232 OD/PURP//CD/EPAY
/ISDT/2025-11-24
:61:251124C000000000315,40N100EREF//2947829
NL90ABNA0403645913
:86:/EREF/22-11-2025 23:44 7020484490884588/TRCD/100/ORDP//NAME
/D I LINDENBERG/REMI/9094641153 7020484490884588 HH/PURP//CD
/EPAY/ISDT/2025-11-24
:61:251124C000000000393,60N100EREF//2947830
NL61ABNA0407067043
:86:/EREF/23-11-2025 19:35 7020795400093775/TRCD/100/ORDP//NAME
/L KOOT/REMI/9096100985 7020795400093775 HB/PURP//CD/EPAY/ISDT
/2025-11-24
:61:251124C000000000220,80N100EREF//2947831
NL89ABNA0977778940
:86:/EREF/23-11-2025 10:33 7020666002973778/TRCD/100/ORDP//NAME
/TURAN U/REMI/9095084823 7020666002973778 KM/PURP//CD/EPAY/ISDT
/2025-11-24
:61:251124C000000001088,09N100EREF//2947832
NL73ABNA0585260192
:86:/EREF/23-11-2025 11:13 7020616297003421/TRCD/100/ORDP//NAME
/D SCHOTTERT CJ/REMI/9095152735 7020616297003421 SL/PURP//CD
/EPAY/ISDT/2025-11-24
:61:251124C000000000634,40N100EREF//2947833
NL84ABNA0831458895
:86:/EREF/23-11-2025 16:53 7020336599972911/TRCD/100/ORDP//NAME
/WIT K DE/REMI/9095772778 7020336599972911 EP/PURP//CD/EPAY/ISDT
/2025-11-24
:61:251124C000000000470,16N100EREF//2947834
NL36ABNA0468545123
:86:/EREF/22-11-2025 12:53 7020354500034324/TRCD/100/ORDP//NAME
/BGM HUSSLAGE CJ/REMI/9093396151 7020354500034324 HH/PURP//CD
/EPAY/ISDT/2025-11-24
:61:251124C000000000032,00N100EREF//2947835
NL72ABNA0464369886
:86:/EREF/22-11-2025 12:25 7020456296915134/TRCD/100/ORDP//NAME
/F POSMA CJ/REMI/9093335287 7020456296915134 HE/PURP//CD/EPAY
/ISDT/2025-11-24
:61:251124C000000000321,25N100EREF//2947836
NL63ABNA0808921614
:86:/EREF/23-11-2025 11:55 7020606284851210/TRCD/100/ORDP//NAME
/HEHL A J/REMI/9095229152 7020606284851210 KV/PURP//CD/EPAY/ISDT
/2025-11-24
:61:251124C000000000177,50N100EREF//2947837
NL24ABNA0847921360
:86:/EREF/23-11-2025 17:51 7020325382002800/TRCD/100/ORDP//NAME
/MPFAJ HEESTERS CJ/REMI/9095888738 7020325382002800 KV/PURP//CD
/EPAY/ISDT/2025-11-24
:61:251124C000000000229,12N100EREF//2947838
NL43ABNA0842394443
:86:/EREF/23-11-2025 11:40 7020174785002899/TRCD/100/ORDP//NAME
/R W VAN VELZEN/REMI/9095205026 7020174785002899 LH/PURP//CD
/EPAY/ISDT/2025-11-24
:61:251124C000000000469,87N100EREF//2947839
NL28ABNA0425157555
:86:/EREF/22-11-2025 13:15 7020314808854861/TRCD/100/ORDP//NAME
/K BUDEL/REMI/9093451665 7020314808854861 SL/PURP//CD/EPAY/ISDT
/2025-11-24
:61:251124C000000000971,33N100EREF//2947840
NL74ABNA0402022033
:86:/EREF/23-11-2025 20:21 7020885688063826/TRCD/100/ORDP//NAME
/D VAN DEN HOUT CJ/REMI/9096195780 7020885688063826 PZ/PURP//CD
/EPAY/ISDT/2025-11-24
:61:251124C000000000430,50N100EREF//2947841
NL74ABNA0599240105
:86:/EREF/23-11-2025 20:31 7020776596973628/TRCD/100/ORDP//NAME
/Y VERHEUGD/REMI/9096211170 7020776596973628 MD/PURP//CD/EPAY
/ISDT/2025-11-24
:61:251124C000000000964,30N100EREF//2947842
NL92ABNA0507179021
:86:/EREF/23-11-2025 19:52 7020286894032710/TRCD/100/ORDP//NAME
/JJ VAN DUINEN LINGEN/REMI/9096137895 7020286894032710 SL/PURP/
/CD/EPAY/ISDT/2025-11-24
:61:251124C000000000324,88N100EREF//2947843
NL57ABNA0475272471
:86:/EREF/23-11-2025 19:44 7020886905883190/TRCD/100/ORDP//NAME
/P GUIJT/REMI/9096121237 7020886905883190 EP/PURP//CD/EPAY/ISDT
/2025-11-24
:61:251124C000000000726,40N100EREF//2947844
NL97ABNA0825485983
:86:/EREF/22-11-2025 14:16 7020164509095014/TRCD/100/ORDP//NAME
/VELDEN D VD/REMI/9093588148 7020164509095014 KV/PURP//CD/EPAY
/ISDT/2025-11-24
:61:251124C000000000101,13N100EREF//2947845
NL40ABNA0618070842
:86:/EREF/22-11-2025 07:12 7020146884975419/TRCD/100/ORDP//NAME
/FA RIETVELD CJ/REMI/9092762137 7020146884975419 PZ/PURP//CD
/EPAY/ISDT/2025-11-24
:61:251124C000000000546,20N100EREF//2947846
NL74ABNA0460689088
:86:/EREF/22-11-2025 18:13 7020465705824027/TRCD/100/ORDP//NAME
/TESSA FEENSTRA/REMI/9094138712 7020465705824027 HH/PURP//CD
/EPAY/ISDT/2025-11-24
:61:251124C000000000149,30N100EREF//2947847
NL32ABNA0887216595
:86:/EREF/23-11-2025 12:15 7020565697092629/TRCD/100/ORDP//NAME
/KUIPERS FEENSTRA E K/REMI/9095266990 7020565697092629 LH/PURP/
/CD/EPAY/ISDT/2025-11-24
:61:251124C000000000449,76N100EREF//2947848
NL32ABNA0887216595
:86:/EREF/23-11-2025 12:56 7020246888003394/TRCD/100/ORDP//NAME
/KUIPERS FEENSTRA E K/REMI/9095345841 7020246888003394 LH/PURP/
/CD/EPAY/ISDT/2025-11-24
:61:251124C000000000017,40N100EREF//2947849
NL08ABNA0627516114
:86:/EREF/23-11-2025 11:58 7020884503002059/TRCD/100/ORDP//NAME
/N K MAURMANNS/REMI/9095238122 7020884503002059 MD/PURP//CD/EPAY
/ISDT/2025-11-24
:61:251124C000000000382,22N100EREF//2947850
NL66ABNA0443894264
:86:/EREF/23-11-2025 11:59 7020706899883358/TRCD/100/ORDP//NAME
/P F VALKHOF CJ/REMI/9095242066 7020706899883358 AG/PURP//CD
/EPAY/ISDT/2025-11-24
:61:251124C000000000125,00N100EREF//2947851
NL14ABNA0606117903
:86:/EREF/23-11-2025 17:50 7020195688003565/TRCD/100/ORDP//NAME
/HEER B OUWERKERK EN OF M/REMI/9095885265 7020195688003565 SL
/PURP//CD/EPAY/ISDT/2025-11-24
:61:251124C000000000119,94N100EREF//2947852
NL30ABNA0550955267
:86:/EREF/23-11-2025 13:10 7020645984853055/TRCD/100/ORDP//NAME
/MAC VAN DEN BERG/REMI/9095371092 7020645984853055 EH/PURP//CD
/EPAY/ISDT/2025-11-24
:61:251124C000000000579,22N100EREF//2947853
NL05ABNA0884803430
:86:/EREF/22-11-2025 20:48 7020316599854729/TRCD/100/ORDP//NAME
/TESKE G CJ/REMI/9094417052 7020316599854729 AG/PURP//CD/EPAY
/ISDT/2025-11-24
:61:251124C000000000813,72N100EREF//2947854
NL73ABNA0432414576
:86:/EREF/22-11-2025 15:06 7020565993944633/TRCD/100/ORDP//NAME
/L M SPROKKREEFF/REMI/9093706081 7020565993944633 VN/PURP//CD
/EPAY/ISDT/2025-11-24
:61:251124C000000001734,00N100EREF//2947855
NL75SNSB0898493803
:86:/EREF/2025-11-21T20:47 7020406297097294/TRCD/100/ORDP//NAME
/P. de Jonge/REMI/9092246527 7020406297097294 KV/PURP//CD/EPAY
/ISDT/2025-11-24
:61:251124C000000000395,04N100EREF//2947856
NL33ABNA0617487707
:86:/EREF/21-11-2025 16:12 7020735081978836/TRCD/100/ORDP//NAME
/R FLEUR CJ/REMI/9091595302 7020735081978836 MD/PURP//CD/EPAY
/ISDT/2025-11-24
:61:251124C000000000339,00N100EREF//2947857
NL07ABNA0416041582
:86:/EREF/21-11-2025 17:30 7020025703037633/TRCD/100/ORDP//NAME
/PTP THUSS/REMI/9091799528 7020025703037633 SL/PURP//CD/EPAY
/ISDT/2025-11-24
:61:251124C000000000412,14N100EREF//2947858
NL11RBRB0969493495
:86:/EREF/2025-11-21T23:12 7020735081889277/TRCD/100/ORDP//NAME
/M. Wolfert/REMI/9092473750 7020735081889277 HA/PURP//CD/EPAY
/ISDT/2025-11-24
:61:251124C000000000196,80N100EREF//2947859
NL50INGB0704900254
:86:/EREF/21-11-2025 17:59 7020466603069070/TRCD/100/ORDP//NAME
/Hr Y Gozukucuk/REMI/9091870335 7020466603069070 SR/PURP//CD
/EPAY/ISDT/2025-11-24
:61:251124C000000000438,13N100EREF//2947860
NL08RABO0149177569
:86:/EREF/24-11-2025 11:05 7020775087848405/TRCD/100/ORDP//NAME
/M. van der Krieke eo M. Kingma/REMI/9097290399 7020775087848405
 SL xui-43673316/PURP//CD/EPAY/ISDT/2025-11-24
:61:251124C000000000131,00N100EREF//2947861
NL09INGB0006093883
:86:/EREF/23-11-2025 21:55 7020025681942332/TRCD/100/ORDP//NAME
/R-J GLAZENWASSERIJ OUD- BEIJERLAND/REMI/9096373030
 7020025681942332 PZ/PURP//CD/EPAY/ISDT/2025-11-24
:61:251124C000000001634,12N100EREF//2947862
NL93INGB0008895283
:86:/EREF/23-11-2025 21:54 7020236284911084/TRCD/100/ORDP//NAME
/Mw MAJ Zeegers/REMI/9096367335 7020236284911084 BT/PURP//CD
/EPAY/ISDT/2025-11-24
:61:251124C000000001338,87N100EREF//2947863
NL35INGB0754266443
:86:/EREF/23-11-2025 22:22 7020065409092533/TRCD/100/ORDP//NAME
/Mw C van Straten,Hr AAS Maris/REMI/9096419678 7020065409092533
 VN/PURP//CD/EPAY/ISDT/2025-11-24
:61:251124C000000000065,00N100EREF//2947864
NL70INGB0750493968
:86:/EREF/23-11-2025 23:27 7020006282062821/TRCD/100/ORDP//NAME
/Hr M J de Jong e/o Mw L Gerstel/REMI/9096514741
 7020006282062821 KV/PURP//CD/EPAY/ISDT/2025-11-24
:61:251124C000000000250,00N100EREF//2947865
NL80SNSB0915396254
:86:/EREF/2025-11-22T10:56 7020916002885410/TRCD/100/ORDP//NAME
/J. Meerens e/o C. Meerens-van den Brink/REMI/9093119086
 7020916002885410 ZV/PURP//CD/EPAY/ISDT/2025-11-24
:61:251124C000000000163,68N100EREF//2947866
NL45INGB0389993530
:86:/EREF/21-11-2025 17:37 7020734805949991/TRCD/100/ORDP//NAME
/Hr D Hutjes/REMI/9091813343 7020734805949991 EH/PURP//CD/EPAY
/ISDT/2025-11-24
:61:251124C000000001645,60N100EREF//2947867
NL44INGB0007401104
:86:/EREF/22-11-2025 19:00 7020705705854756/TRCD/100/ORDP//NAME
/Mw M Lode en/of Hr P J M Trienekens/REMI/9094234192
 7020705705854756 ZV/PURP//CD/EPAY/ISDT/2025-11-24
:61:251124C000000001179,96N100EREF//2947868
NL77INGB0005350027
:86:/EREF/22-11-2025 20:19 7020594509004021/TRCD/100/ORDP//NAME
/Mw ECM van Beers/REMI/9094373078 7020594509004021 VM/PURP//CD
/EPAY/ISDT/2025-11-24
:61:251124C000000000295,40N100EREF//2947869
NL55RBRB0939853965
:86:/EREF/2025-11-23T18:15 7020636597091339/TRCD/100/ORDP//NAME
/H. Geerding e/o G.A. Geerding-Smoes/REMI/9095931533
 7020636597091339 KV/PURP//CD/EPAY/ISDT/2025-11-24
:61:251124C000000000681,00N100EREF//2947870
NL30INGB0753226111
:86:/EREF/22-11-2025 11:58 7020294805974348/TRCD/100/ORDP//NAME
/Mw S Jochems/REMI/9093269935 7020294805974348 KV/PURP//CD/EPAY
/ISDT/2025-11-24
:61:251124C000000001170,06N100EREF//2947871
NL63INGB0002262963
:86:/EREF/22-11-2025 09:54 7020046909034501/TRCD/100/ORDP//NAME
/Mw J F de Voijs-Niemoller e/o Hr H de Voijs/REMI/9092975848
 7020046909034501 HH/PURP//CD/EPAY/ISDT/2025-11-24
:61:251124C000000000588,65N100EREF//2947872
NL44INGB0001984721
:86:/EREF/22-11-2025 07:27 7020485096945935/TRCD/100/ORDP//NAME
/Hr J M Dix en Mw P M C Dix-Weijnschenk/REMI/9092772068
 7020485096945935 SL/PURP//CD/EPAY/ISDT/2025-11-24
:61:251124C000000000875,15N100EREF//2947873
NL77INGB0004429497
:86:/EREF/23-11-2025 13:51 7020236582091270/TRCD/100/ORDP//NAME
/Mw Q Cui,Hr YZ Xing/REMI/9095435481 7020236582091270 HB/PURP/
/CD/EPAY/ISDT/2025-11-24
:61:251124C000000000076,47N100EREF//2947874
NL76INGB0753635496
:86:/EREF/21-11-2025 17:16 7020105109097375/TRCD/100/ORDP//NAME
/Hr R Weiss/REMI/9091758189 7020105109097375 KV/PURP//CD/EPAY
/ISDT/2025-11-24
:61:251124C000000000057,00N100EREF//2947875
NL37INGB0005133273
:86:/EREF/21-11-2025 16:35 7020886002887300/TRCD/100/ORDP//NAME
/Mw L van Waardenberg/REMI/9091652787 7020886002887300 BT/PURP/
/CD/EPAY/ISDT/2025-11-24
:61:251124C000000000246,48N100EREF//2947876
NL37INGB0795459882
:86:/EREF/22-11-2025 15:47 7020346909094804/TRCD/100/ORDP//NAME
/Mw H Rakhan-Mokhefi/REMI/9093802495 7020346909094804 SL/PURP/
/CD/EPAY/ISDT/2025-11-24
:61:251124C000000000255,31N100EREF//2947877
NL13INGB0689449208
:86:/EREF/22-11-2025 22:58 7020326587975632/TRCD/100/ORDP//NAME
/Mw B Klok/REMI/9094589092 7020326587975632 PZ/PURP//CD/EPAY
/ISDT/2025-11-24
:61:251124C000000000567,24N100EREF//2947878
NL45INGB0003162477
:86:/EREF/22-11-2025 21:47 7020375994006550/TRCD/100/ORDP//NAME
/Hr SS Susanna/REMI/9094500893 7020375994006550 EH/PURP//CD/EPAY
/ISDT/2025-11-24
:61:251124C000000000146,64N100EREF//2947879
NL39INGB0004338613
:86:/EREF/23-11-2025 10:50 7020746306032110/TRCD/100/ORDP//NAME
/Hr E van der Worm,Mw H Thoms/REMI/9095112136 7020746306032110
 BS/PURP//CD/EPAY/ISDT/2025-11-24
:61:251124C000000000156,00N100EREF//2947880
NL69INGB0659041804
:86:/EREF/22-11-2025 20:56 7020836909065755/TRCD/100/ORDP//NAME
/Hr M van der Linden, Mw JM Besters/REMI/9094428359
 7020836909065755 HH/PURP//CD/EPAY/ISDT/2025-11-24
:61:251124C000000000212,16N100EREF//2947881
NL49INGB0113240236
:86:/EREF/23-11-2025 19:09 7020356299943133/TRCD/100/ORDP//NAME
/Mw L van Rooijen,Hr ALM van Hengstum/REMI/9096042582
 7020356299943133 PZ/PURP//CD/EPAY/ISDT/2025-11-24
:61:251124C000000000260,82N100EREF//2947882
NL16INGB0701804335
:86:/EREF/21-11-2025 20:38 7020325382068905/TRCD/100/ORDP//NAME
/Hr B Wijngaard,Mw DF Vogelaar/REMI/9092228568 7020325382068905
 AG/PURP//CD/EPAY/ISDT/2025-11-24
:61:251124C000000000029,00N100EREF//2947883
NL45SNSB0705670856
:86:/EREF/2025-11-22T12:49 7020655408946343/TRCD/100/ORDP//NAME
/S.J.J. Altena e/o K. Middelkoop/REMI/9093388132
 7020655408946343 VM/PURP//CD/EPAY/ISDT/2025-11-24
:61:251124C000000000147,20N100EREF//2947884
NL15INGB0663328721
:86:/EREF/23-11-2025 20:31 7020026882093223/TRCD/100/ORDP//NAME
/Hr RF Broers, Mw K van Roekel/REMI/9096210675 7020026882093223
 LH/PURP//CD/EPAY/ISDT/2025-11-24
:61:251124C000000000179,92N100EREF//2947885
NL43INGB0008908308
:86:/EREF/22-11-2025 11:53 7020064794095593/TRCD/100/ORDP//NAME
/Mw MJ Verkaart/REMI/9093253933 7020064794095593 EH/PURP//CD
/EPAY/ISDT/2025-11-24
:61:251124C000000000359,80N100EREF//2947886
NL78INGB0688471927
:86:/EREF/23-11-2025 08:23 7020745405973205/TRCD/100/ORDP//NAME
/Hr P J H van Riel e/o Mw N E J Westerbeek/REMI/9094920518
 7020745405973205 EP/PURP//CD/EPAY/ISDT/2025-11-24
:61:251124C000000000575,52N100EREF//2947887
NL91INGB0009487116
:86:/EREF/22-11-2025 19:50 7020015991096070/TRCD/100/ORDP//NAME
/Hr U Sarac/REMI/9094327422 7020015991096070 ZV/PURP//CD/EPAY
/ISDT/2025-11-24
:61:251124C000000000157,55N100EREF//2947888
NL04KNAB0257502920
:86:/EREF/2025-11-21T08:50 7020414787829517/TRCD/100/ORDP//NAME
/M. M. Van de Plassche - Ma/REMI/9092350505 7020414787829517 HH
/PURP//CD/EPAY/ISDT/2025-11-24
:61:251124C000000000963,20N100EREF//2947889
NL02SNSB0705882411
:86:/EREF/2025-11-21T18:38 7020735381919007/TRCD/100/ORDP//NAME
/N.R.G. Blok e/o A.E. van den Nieuwenhuizen/REMI/9091962668
 7020735381919007 HB/PURP//CD/EPAY/ISDT/2025-11-24
:61:251124C000000000753,90N100EREF//2947890
NL02INGB0007813916
:86:/EREF/23-11-2025 13:32 7020955385061258/TRCD/100/ORDP//NAME
/Mw EM Rijke-Pas, Hr R Rijke/REMI/9095405795 7020955385061258 HH
/PURP//CD/EPAY/ISDT/2025-11-24
:61:251124C000000000356,62N100EREF//2947891
NL11SNSB0927708930
:86:/EREF/2025-11-23T15:53 7020824499822557/TRCD/100/ORDP//NAME
/W. van der Wal e/o S. Verboom/REMI/9095658022 7020824499822557
 EH/PURP//CD/EPAY/ISDT/2025-11-24
:61:251124C000000000055,00N100EREF//2947892
NL51SNSB0267917120
:86:/EREF/2025-11-22T00:56 7020264508947867/TRCD/100/ORDP//NAME
/J.J.D.B. Schellingerhoudt e/o S. Gunes/REMI/9092564608
 7020264508947867 EP/PURP//CD/EPAY/ISDT/2025-11-24
:61:251124C000000000161,00N100EREF//2947893
NL40INGB0004236551
:86:/EREF/23-11-2025 11:07 7020444796882956/TRCD/100/ORDP//NAME
/Mw CA van de Lindt,Hr M Petersen/REMI/9095144317
 7020444796882956 HH/PURP//CD/EPAY/ISDT/2025-11-24
:61:251124C000000001102,02N541EREF//2947894
NL40INGB0001972959
:86:/EREF/2947894/TRCD/541/ORDP//NAME/Mw S van Eden/REMI/3071099
/ISDT/2025-11-24
:61:251124C000000000103,60N100EREF//2947895
NL08RABO0107625679
:86:/EREF/24-11-2025 11:11 7020656281849926/TRCD/100/ORDP//NAME
/C. v. Briemen eo K.M. van Briemen-Zuiddam/REMI/9097308880
 7020656281849926 HH xui-34861897/PURP//CD/EPAY/ISDT/2025-11-24
:61:251124C000000000716,80N100EREF//2947896
NL74RABO0132109425
:86:/EREF/24-11-2025 11:13 7020136299999800/TRCD/100/ORDP//NAME
/A.A.M. Spijker- Olde Loohuis/REMI/9097313144 7020136299999800
 HB xui-94987521/PURP//CD/EPAY/ISDT/2025-11-24
:61:251124C000000000244,70N100EREF//2947897
NL84RABO0308443896
:86:/EREF/24-11-2025 11:14 7020954209030286/TRCD/100/ORDP//NAME
/E.D. van Zanten/REMI/9097319308 7020954209030286 EH xui
-86283698/PURP//CD/EPAY/ISDT/2025-11-24
:61:251124C000000000637,78N100EREF//2947898
NL41INGB0675319005
:86:/EREF/23-11-2025 22:06 7020325685091324/TRCD/100/ORDP//NAME
/Hr JLA van Zeelst, AJMG van Zeelst-Meeuwsen/REMI/9096392484
 7020325685091324 HE/PURP//CD/EPAY/ISDT/2025-11-24
:61:251124C000000000059,00N100EREF//2947899
NL52INGB0008334100
:86:/EREF/23-11-2025 20:48 7020115402913781/TRCD/100/ORDP//NAME
/Mw M Philips-ter Horst en/of Hr H Philips/REMI/9096243337
 7020115402913781 HB/PURP//CD/EPAY/ISDT/2025-11-24
:61:251124C000000000601,48N100EREF//2947900
NL70INGB0000594534
:86:/EREF/24-11-2025 06:49 7020675390848825/TRCD/100/ORDP//NAME
/Hr D Verbeeten en/of Mw I I Jacobs/REMI/9096795567
 7020675390848825 SL/PURP//CD/EPAY/ISDT/2025-11-24
:61:251124C000000000250,00N100EREF//2947901
NL78INGB0004784014
:86:/EREF/21-11-2025 19:29 7020494796829271/TRCD/100/ORDP//NAME
/Hr RMM Spiertz, Mw LHM Spiertz-Kraus/REMI/9092090539
 7020494796829271 VN/PURP//CD/EPAY/ISDT/2025-11-24
:61:251124C000000000334,00N100EREF//2947902
NL24INGB0113913672
:86:/EREF/23-11-2025 13:47 7020884784883769/TRCD/100/ORDP//NAME
/Hr GO Vissers,Elvira Langenberg/REMI/9095432493
 7020884784883769 LH/PURP//CD/EPAY/ISDT/2025-11-24
:61:251124C000000000793,04N100EREF//2947903
NL80SNSB0905528638
:86:/EREF/2025-11-22T13:31 7020274497065590/TRCD/100/ORDP//NAME
/E.T. Apperlo-Hars e/o A. Apperlo/REMI/9093482184
 7020274497065590 ZV/PURP//CD/EPAY/ISDT/2025-11-24
:61:251124C000000000382,10N100EREF//2947904
NL43SNSB0785728872
:86:/EREF/2025-11-22T13:22 7020066593825995/TRCD/100/ORDP//NAME
/J. Mahadeosingh/REMI/9093462122 7020066593825995 KV/PURP//CD
/EPAY/ISDT/2025-11-24
:61:251124C000000000371,80N100EREF//2947905
NL61INGB0799143898
:86:/EREF/21-11-2025 20:27 7020615693978455/TRCD/100/ORDP//NAME
/Hr JA Villarroel Prieto/REMI/9092212056 7020615693978455 KV
/PURP//CD/EPAY/ISDT/2025-11-24
:61:251124C000000001335,40N100EREF//2947906
NL41INGB0003078256
:86:/EREF/21-11-2025 17:47 7020866305949955/TRCD/100/ORDP//NAME
/Hr A Kool, Mw MA Kool-Bouwman/REMI/9091837665 7020866305949955
 HH/PURP//CD/EPAY/ISDT/2025-11-24
:61:251124C000000001828,20N100EREF//2947907
NL98INGB0006020404
:86:/EREF/21-11-2025 16:33 7020834499857642/TRCD/100/ORDP//NAME
/Hr W Ouwehand, TM Ouwehand-van der Plas/REMI/9091648196
 7020834499857642 KV/PURP//CD/EPAY/ISDT/2025-11-24
:61:251124C000000001325,75N100EREF//2947908
NL97INGB0007375706
:86:/EREF/22-11-2025 20:39 7020196590916205/TRCD/100/ORDP//NAME
/Hr EA Wiering/REMI/9094403422 7020196590916205 SR/PURP//CD/EPAY
/ISDT/2025-11-24
:61:251124C000000000313,80N100EREF//2947909
NL46SNSB0705833992
:86:/EREF/2025-11-22T09:46 7020714202884462/TRCD/100/ORDP//NAME
/H.K. Jalink e/o S.W.J. Nijman/REMI/9092961939 7020714202884462
 HH/PURP//CD/EPAY/ISDT/2025-11-24
:61:251124C000000000539,40N100EREF//2947910
NL53INGB0705200221
:86:/EREF/21-11-2025 17:02 7020476303009484/TRCD/100/ORDP//NAME
/Mw K van Leeuwen/REMI/9091724470 7020476303009484 MD/PURP//CD
/EPAY/ISDT/2025-11-24
:61:251124C000000000361,10N100EREF//2947911
NL44INGB0675301491
:86:/EREF/22-11-2025 17:48 7020166897094549/TRCD/100/ORDP//NAME
/Mw H Nijman/REMI/9094080873 7020166897094549 HH/PURP//CD/EPAY
/ISDT/2025-11-24
:61:251124C000000001668,66N100EREF//2947912
NL87SNSB0787782831
:86:/EREF/2025-11-22T22:17 7020946587884804/TRCD/100/ORDP//NAME
/A. Levering e/o C. van Rijswijk/REMI/9094541951
 7020946587884804 EH/PURP//CD/EPAY/ISDT/2025-11-24
:61:251124C000000000015,00N100EREF//2947913
NL35SNSB0903753863
:86:/EREF/2025-11-21T18:35 7020745699918905/TRCD/100/ORDP//NAME
/H. Beekhuis e/o H.H. Beekhuis-Bakker/REMI/9091960405
 7020745699918905 HB/PURP//CD/EPAY/ISDT/2025-11-24
:61:251124C000000000386,38N100EREF//2947914
NL53INGB0005843510
:86:/EREF/23-11-2025 13:13 7020366887881480/TRCD/100/ORDP//NAME
/Hr AC Goedegebuure,MGJ Goedegebuure-van Noort/REMI/9095375637
 7020366887881480 SL/PURP//CD/EPAY/ISDT/2025-11-24
:61:251124C000000000267,40N100EREF//2947915
NL72INGB0665680236
:86:/EREF/23-11-2025 20:09 7020016594031249/TRCD/100/ORDP//NAME
/Hr K de Jonge/REMI/9096168736 7020016594031249 HH/PURP//CD/EPAY
/ISDT/2025-11-24
:61:251124C000000000188,80N100EREF//2947916
NL04SNSB0879788534
:86:/EREF/2025-11-23T18:28 7020065985092548/TRCD/100/ORDP//NAME
/K.R.F. Kruijntjens e/o N.J.M. Moers/REMI/9095961017
 7020065985092548 EP/PURP//CD/EPAY/ISDT/2025-11-24
:61:251124C000000000382,32N100EREF//2947917
NL72INGB0008325301
:86:/EREF/21-11-2025 16:15 7020286596977891/TRCD/100/ORDP//NAME
/Mw EP Nepveu/REMI/9091599596 7020286596977891 VM/PURP//CD/EPAY
/ISDT/2025-11-24
:61:251124C000000000561,18N100EREF//2947918
NL57INGB0753132699
:86:/EREF/23-11-2025 15:30 7020656302943397/TRCD/100/ORDP//NAME
/Mw S C Schaap en/of Hr T de Ouden/REMI/9095621381
 7020656302943397 AG/PURP//CD/EPAY/ISDT/2025-11-24
:61:251124C000000000448,98N100EREF//2947919
NL37INGB0652857272
:86:/EREF/21-11-2025 20:23 7020694487857996/TRCD/100/ORDP//NAME
/Mw A Dyrma/REMI/9092202384 7020694487857996 PZ/PURP//CD/EPAY
/ISDT/2025-11-24
:61:251124C000000000294,40N100EREF//2947920
NL81INGB0000078781
:86:/EREF/22-11-2025 12:08 7020835994065413/TRCD/100/ORDP//NAME
/Hr R C Groen en/of Mw A H J Vermeulen/REMI/9093290059
 7020835994065413 HB/PURP//CD/EPAY/ISDT/2025-11-24
:61:251124C000000001043,50N100EREF//2947921
NL87INGB0753792826
:86:/EREF/21-11-2025 20:51 7020194182008608/TRCD/100/ORDP//NAME
/Hr R de Ruyter/REMI/9092251722 7020194182008608 LH/PURP//CD
/EPAY/ISDT/2025-11-24
:61:251124C000000000999,15N100EREF//2947922
NL53INGB0008068690
:86:/EREF/23-11-2025 18:40 7020446884852731/TRCD/100/ORDP//NAME
/Mw R de Jong/REMI/9095981572 7020446884852731 HB/PURP//CD/EPAY
/ISDT/2025-11-24
:61:251124C000000000073,00N100EREF//2947923
NL77INGB0009212761
:86:/EREF/23-11-2025 14:54 7020125702911672/TRCD/100/ORDP//NAME
/Hr M de Jong, Mw M Weggelaar/REMI/9095552582 7020125702911672
 KV/PURP//CD/EPAY/ISDT/2025-11-24
:61:251124C000000000117,00N100EREF//2947924
NL90INGB0007274952
:86:/EREF/23-11-2025 14:32 7020614203033619/TRCD/100/ORDP//NAME
/Mw G S Hack-Baas/REMI/9095512757 7020614203033619 HB/PURP//CD
/EPAY/ISDT/2025-11-24
:61:251124C000000000389,60N100EREF//2947925
NL20INGB0002698103
:86:/EREF/22-11-2025 10:45 7020395082036208/TRCD/100/ORDP//NAME
/Hr R M J M Marcus/REMI/9093089114 7020395082036208 ZV/PURP//CD
/EPAY/ISDT/2025-11-24
:61:251124C000000000300,00N100EREF//2947926
NL57ASNB0706777832
:86:/EREF/2025-11-23T13:30 7020044494002473/TRCD/100/ORDP//NAME
/G.J. van der Meer e/o D.J. van der Meer-Stout/REMI/9095400898
 7020044494002473 TH/PURP//CD/EPAY/ISDT/2025-11-24
:61:251124C000000000119,90N100EREF//2947927
NL65SNSB0929336879
:86:/EREF/2025-11-23T14:33 7020056605972425/TRCD/100/ORDP//NAME
/A. van der Meer e/o I.J. vd Meer-Lindeboom/REMI/9095511511
 7020056605972425 PZ/PURP//CD/EPAY/ISDT/2025-11-24
:61:251124C000000000289,28N100EREF//2947928
NL61SNSB0853317372
:86:/EREF/2025-11-22T18:09 7020035708886967/TRCD/100/ORDP//NAME
/R.J. Heijnekamp e/o A. van Hal/REMI/9094126433 7020035708886967
 ZV/PURP//CD/EPAY/ISDT/2025-11-24
:61:251124C000000000143,40N100EREF//2947929
NL76RBRB0941326144
:86:/EREF/2025-11-23T12:34 7020416297093736/TRCD/100/ORDP//NAME
/C.H.A. Kraaijenbrink-Bultink e/o E.H. Kraaijenbrink/REMI
/9095307391 7020416297093736 ZV/PURP//CD/EPAY/ISDT/2025-11-24
:61:251124C000000000560,72N100EREF//2947930
NL45ABNA0575645474
:86:/EREF/21-11-2025 20:04 7020464491037654/TRCD/100/ORDP//NAME
/PN HIJA/REMI/9092172255 7020464491037654 VM/PURP//CD/EPAY/ISDT
/2025-11-24
:61:251124C000000000301,08N100EREF//2947931
NL98ABNA0438529588
:86:/EREF/21-11-2025 17:22 7020125684829181/TRCD/100/ORDP//NAME
/SH KRONER/REMI/9091774031 7020125684829181 EH/PURP//CD/EPAY
/ISDT/2025-11-24
:61:251124C000000000899,00N100EREF//2947932
NL33ABNA0508154545
:86:/EREF/21-11-2025 17:02 7020174199947021/TRCD/100/ORDP//NAME
/A BUIZER/REMI/9091726695 7020174199947021 TH/PURP//CD/EPAY/ISDT
/2025-11-24
:61:251124C000000000079,50N100EREF//2947933
NL39ASNB8832657694
:86:/EREF/2025-11-23T13:18 7020205105852986/TRCD/100/ORDP//NAME
/P.F. van Osch e/o D.L. van Leeuwen/REMI/9095385681
 7020205105852986 HB/PURP//CD/EPAY/ISDT/2025-11-24
:61:251124C000000000028,50N100EREF//2947934
NL82INGB0007528945
:86:/EREF/21-11-2025 18:05 7020274493889517/TRCD/100/ORDP//NAME
/Mw A Bonnema/REMI/9091882318 7020274493889517 HH/PURP//CD/EPAY
/ISDT/2025-11-24
:61:251124C000000000780,35N100EREF//2947935
NL02INGB0006160648
:86:/EREF/22-11-2025 14:39 7020926899945818/TRCD/100/ORDP//NAME
/Hr J Bekius/REMI/9093638587 7020926899945818 HE/PURP//CD/EPAY
/ISDT/2025-11-24
:61:251124C000000000558,80N100EREF//2947936
NL64INGB0752872516
:86:/EREF/23-11-2025 21:37 7020285402913355/TRCD/100/ORDP//NAME
/Hr B Sanders/REMI/9096331887 7020285402913355 HB/PURP//CD/EPAY
/ISDT/2025-11-24
:61:251124C000000001177,10N100EREF//2947937
NL27INGB0005763468
:86:/EREF/23-11-2025 22:37 7020054196852956/TRCD/100/ORDP//NAME
/Hr A J G Brullemans/REMI/9096447040 7020054196852956 BT/PURP/
/CD/EPAY/ISDT/2025-11-24
:61:251124C000000001978,32N100EREF//2947938
NL21INGB0004313038
:86:/EREF/23-11-2025 21:20 7020074484912947/TRCD/100/ORDP//NAME
/Hr VS Randjitsing/REMI/9096306907 7020074484912947 AR/PURP//CD
/EPAY/ISDT/2025-11-24
:61:251124C000000001664,85N100EREF//2947939
NL92RABO0358656966
:86:/EREF/24-11-2025 11:18 7020056899940421/TRCD/100/ORDP//NAME
/A. Venhuizen/REMI/9097327466 7020056899940421 KV xui-59187049
/PURP//CD/EPAY/ISDT/2025-11-24
:61:251124C000000000690,00N100EREF//2947940
NL56INGB0006432828
:86:/EREF/22-11-2025 14:39 7020585706034459/TRCD/100/ORDP//NAME
/Hr D T J Klontje/REMI/9093640009 7020585706034459 BK/PURP//CD
/EPAY/ISDT/2025-11-24
:61:251124C000000000767,00N100EREF//2947941
NL59INGB0008123290
:86:/EREF/21-11-2025 20:10 7020596890858326/TRCD/100/ORDP//NAME
/Mw DD van der Nat/REMI/9092183674 7020596890858326 HB/PURP//CD
/EPAY/ISDT/2025-11-24
:61:251124C000000000051,00N100EREF//2947942
NL31INGB0113536119
:86:/EREF/22-11-2025 20:26 7020325387915596/TRCD/100/ORDP//NAME
/Mw I Blijjenberg,Hr S de Boer/REMI/9094383298 7020325387915596
 HH/PURP//CD/EPAY/ISDT/2025-11-24
:61:251124C000000000277,32N100EREF//2947943
NL92INGB0008713135
:86:/EREF/22-11-2025 14:39 7020375381855392/TRCD/100/ORDP//NAME
/Mw K Degeling-Rietveld/REMI/9093638804 7020375381855392 VM/PURP
//CD/EPAY/ISDT/2025-11-24
:61:251124C000000000828,50N100EREF//2947944
NL53INGB0000165615
:86:/EREF/23-11-2025 17:48 7020986896941117/TRCD/100/ORDP//NAME
/Hr SP van Bommel/REMI/9095883184 7020986896941117 MD/PURP//CD
/EPAY/ISDT/2025-11-24
:61:251124C000000000018,00N100EREF//2947945
NL23INGB0007357735
:86:/EREF/23-11-2025 20:44 7020575688031396/TRCD/100/ORDP//NAME
/Hr R Arends/REMI/9096235274 7020575688031396 PZ/PURP//CD/EPAY
/ISDT/2025-11-24
:61:251124C000000000132,00N100EREF//2947946
NL84INGB0002255310
:86:/EREF/23-11-2025 15:47 7020166005973298/TRCD/100/ORDP//NAME
/Hr T H S Wehrens/REMI/9095650713 7020166005973298 KV/PURP//CD
/EPAY/ISDT/2025-11-24
:61:251124C000000000340,60N100EREF//2947947
NL87INGB0007896970
:86:/EREF/21-11-2025 17:49 7020515993887525/TRCD/100/ORDP//NAME
/Mw A Paap/REMI/9091841960 7020515993887525 HB/PURP//CD/EPAY
/ISDT/2025-11-24
:61:251124C000000000009,45N100EREF//2947948
NL50INGB0662605829
:86:/EREF/22-11-2025 15:22 7020284194094042/TRCD/100/ORDP//NAME
/Mw NHA Jaspers/REMI/9093742607 7020284194094042 HB/PURP//CD
/EPAY/ISDT/2025-11-24
:61:251124C000000000293,00N100EREF//2947949
NL05INGB0669572888
:86:/EREF/23-11-2025 11:38 7020915387823652/TRCD/100/ORDP//NAME
/Mw FM Broere/REMI/9095203345 7020915387823652 KV/PURP//CD/EPAY
/ISDT/2025-11-24
:61:251124C000000000219,57N541EREF//2947950
NL23INGB0003095652
:86:/EREF/2947950/TRCD/541/ORDP//NAME/MMT Hensing-van den
 Hondel,Hr JJ Hensing/REMI/8125267/ISDT/2025-11-24
:61:251124C000000000217,16N100EREF//2947951
NL43SNSB0772714576
:86:/EREF/2025-11-23T09:39 7020774790882383/TRCD/100/ORDP//NAME
/D. Hanssen/REMI/9094999296 7020774790882383 VM/PURP//CD/EPAY
/ISDT/2025-11-24
:61:251124C000000000223,80N100EREF//2947952
NL76RBRB0942598687
:86:/EREF/2025-11-21T22:03 7020054184828983/TRCD/100/ORDP//NAME
/J.W. Klaui/REMI/9092371027 7020054184828983 VN/PURP//CD/EPAY
/ISDT/2025-11-24
:61:251124C000000000028,50N100EREF//2947953
NL33INGB0008158969
:86:/EREF/23-11-2025 17:54 7020774794002539/TRCD/100/ORDP//NAME
/E Oldenburg/REMI/9095892239 7020774794002539 ZV/PURP//CD/EPAY
/ISDT/2025-11-24
:61:251124C000000000673,40N100EREF//2947954
NL59INGB0007171138
:86:/EREF/23-11-2025 13:36 7020635090822131/TRCD/100/ORDP//NAME
/Mw DE Lewandowska/REMI/9095416175 7020635090822131 BK/PURP//CD
/EPAY/ISDT/2025-11-24
:61:251124C000000001546,30N100EREF//2947955
NL79INGB0008396664
:86:/EREF/22-11-2025 17:27 7020554496825701/TRCD/100/ORDP//NAME
/Hr J J C Oost/REMI/9094036712 7020554496825701 EH/PURP//CD/EPAY
/ISDT/2025-11-24
:61:251124C000000001553,20N100EREF//2947956
NL18SNSB0896028119
:86:/EREF/2025-11-23T19:56 7020476593973925/TRCD/100/ORDP//NAME
/S. Esselink e/o B.J.A. van Dongen/REMI/9096144428
 7020476593973925 BK/PURP//CD/EPAY/ISDT/2025-11-24
:61:251124C000000000192,08N100EREF//2947957
NL39INGB0107803372
:86:/EREF/23-11-2025 09:36 7020516290822839/TRCD/100/ORDP//NAME
/Hr J Ngadimin,Mw B Jansen/REMI/9094995781 7020516290822839 EH
/PURP//CD/EPAY/ISDT/2025-11-24
:61:251124C000000001224,60N100EREF//2947958
NL74INGB0007349736
:86:/EREF/22-11-2025 08:23 7020764508945551/TRCD/100/ORDP//NAME
/Hr M V van Egmond/REMI/9092825764 7020764508945551 HH/PURP//CD
/EPAY/ISDT/2025-11-24
:61:251124C000000000453,00N100EREF//2947959
NL76INGB0102452865
:86:/EREF/21-11-2025 19:01 7020926902949877/TRCD/100/ORDP//NAME
/Mw MHB Lubbers/REMI/9092021804 7020926902949877 TH/PURP//CD
/EPAY/ISDT/2025-11-24
:61:251124C000000000215,00N100EREF//2947960
NL62INGB0000696043
:86:/EREF/22-11-2025 12:04 7020196582067000/TRCD/100/ORDP//NAME
/Mw RHB Meijer,Hr H Noorman/REMI/9093278960 7020196582067000 KV
/PURP//CD/EPAY/ISDT/2025-11-24
:61:251124C000000001076,06N100EREF//2947961
NL56INGB0754511863
:86:/EREF/22-11-2025 12:04 7020246584975977/TRCD/100/ORDP//NAME
/Hr MG van Lis, Mw I van Lis-Eversteijn/REMI/9093287765
 7020246584975977 HH/PURP//CD/EPAY/ISDT/2025-11-24
:61:251124C000000000528,44N100EREF//2947962
NL30INGB0006291288
:86:/EREF/22-11-2025 21:32 7020305408886826/TRCD/100/ORDP//NAME
/Erven van hr MMJ Storms,Mw SCJ Storms-Arets/REMI/9094479292
 7020305408886826 AR/PURP//CD/EPAY/ISDT/2025-11-24
:61:251124C000000001292,53N100EREF//2947963
NL75INGB0794635377
:86:/EREF/23-11-2025 14:57 7020415684943922/TRCD/100/ORDP//NAME
/Mw C de Muijnck/REMI/9095559497 7020415684943922 HB/PURP//CD
/EPAY/ISDT/2025-11-24
:61:251124C000000000057,00N100EREF//2947964
NL16INGB0004738667
:86:/EREF/22-11-2025 20:52 7020624796856577/TRCD/100/ORDP//NAME
/Hr D A Bakker en/of Mw Y Bakker-van der Nagel/REMI/9094421663
 7020624796856577 HB/PURP//CD/EPAY/ISDT/2025-11-24
:61:251124C000000000597,60N100EREF//2947965
NL06INGB0631909710
:86:/EREF/22-11-2025 22:16 7020065994095785/TRCD/100/ORDP//NAME
/Mw MJ Tisch/REMI/9094539729 7020065994095785 HH/PURP//CD/EPAY
/ISDT/2025-11-24
:61:251124C000000000480,80N100EREF//2947966
NL71INGB0000971846
:86:/EREF/23-11-2025 12:10 7020326306063094/TRCD/100/ORDP//NAME
/Mw M Lanters-Denneman, Hr BA Lanters/REMI/9095263560
 7020326306063094 MD/PURP//CD/EPAY/ISDT/2025-11-24
:61:251124C000000000856,80N100EREF//2947967
NL75INGB0005311942
:86:/EREF/23-11-2025 15:36 7020106302972218/TRCD/100/ORDP//NAME
/Hr RJG Bol, Mw MM van der Leeuw/REMI/9095631180
 7020106302972218 HB/PURP//CD/EPAY/ISDT/2025-11-24
:61:251124C000000000015,00N100EREF//2947968
NL95INGB0007020528
:86:/EREF/23-11-2025 14:42 7020066897092464/TRCD/100/ORDP//NAME
/Mw WCS Lubbers/REMI/9095531643 7020066897092464 HH/PURP//CD
/EPAY/ISDT/2025-11-24
:61:251124C000000000363,22N100EREF//2947969
NL59INGB0006766357
:86:/EREF/23-11-2025 12:21 7020955096972602/TRCD/100/ORDP//NAME
/Mw W Winter-Landa/REMI/9095281375 7020955096972602 VM/PURP//CD
/EPAY/ISDT/2025-11-24
:61:251124C000000000502,92N100EREF//2947970
NL59ABNA0882653423
:86:/EREF/21-11-2025 17:08 7020914781859727/TRCD/100/ORDP//NAME
/NIAMAT M A CJ/REMI/9091737470 7020914781859727 EH/PURP//CD/EPAY
/ISDT/2025-11-24
:61:251124C000000002366,62N100EREF//2947971
NL60ASNB8844808021
:86:/EREF/2025-11-22T20:25 7020884496855539/TRCD/100/ORDP//NAME
/F. Hoexum e/o V.M.A. Vos/REMI/9094385381 7020884496855539 SL
/PURP//CD/EPAY/ISDT/2025-11-24
:61:251124C000000000010,00N100EREF//2947972
NL54ABNA0801652014
:86:/EREF/21-11-2025 19:18 7020445981887696/TRCD/100/ORDP//NAME
/VEGT M VAN DER CJ/REMI/9092065407 7020445981887696 MD/PURP//CD
/EPAY/ISDT/2025-11-24
:61:251124C000000000905,76N100EREF//2947973
NL09INGB0002071293
:86:/EREF/22-11-2025 14:18 7020475982065065/TRCD/100/ORDP//NAME
/CM Voorthuijzen-Truijman,Hr JC Voorthuyzen/REMI/9093594858
 7020475982065065 SL/PURP//CD/EPAY/ISDT/2025-11-24
:61:251124C000000000858,84N100EREF//2947974
NL69ABNA0401046206
:86:/EREF/21-11-2025 15:47 7020926906037141/TRCD/100/ORDP//NAME
/S DREES/REMI/9091528096 7020926906037141 EH/PURP//CD/EPAY/ISDT
/2025-11-24
:61:251124C000000000511,20N100EREF//2947975
NL89RBRB0850133300
:86:/EREF/2025-11-21T20:46 7020124187829991/TRCD/100/ORDP//NAME
/V.W.H. Bijpost/REMI/9092241213 7020124187829991 HB/PURP//CD
/EPAY/ISDT/2025-11-24
:61:251124C000000000010,00N100EREF//2947976
NL44SNSB0917294610
:86:/EREF/2025-11-23T18:56 7020065699882209/TRCD/100/ORDP//NAME
/N. Versloot/REMI/9096016299 7020065699882209 ZV/PURP//CD/EPAY
/ISDT/2025-11-24
:61:251124C000000001174,96N100EREF//2947977
NL44INGB0004945937
:86:/EREF/22-11-2025 18:29 7020096603095086/TRCD/100/ORDP//NAME
/Hr PGSP van Harn, Mw T van Harn-Bolding/REMI/9094167964
 7020096603095086 VM/PURP//CD/EPAY/ISDT/2025-11-24
:61:251124C000000000854,00N100EREF//2947978
NL13INGB0006104675
:86:/EREF/23-11-2025 16:26 7020764190823718/TRCD/100/ORDP//NAME
/Hr JM Duyvekam/REMI/9095728273 7020764190823718 LH/PURP//CD
/EPAY/ISDT/2025-11-24
:61:251124C000000002249,82N100EREF//2947979
NL17INGB0103925805
:86:/EREF/23-11-2025 22:13 7020505381912686/TRCD/100/ORDP//NAME
/Mw C Timmerman-v Stegeren/REMI/9096405874 7020505381912686 LH
/PURP//CD/EPAY/ISDT/2025-11-24
:61:251124C000000000826,43N100EREF//2947980
NL05INGB0009155857
:86:/EREF/23-11-2025 22:14 7020576305943799/TRCD/100/ORDP//NAME
/Hr L van den Heuvel/REMI/9096405264 7020576305943799 VM/PURP/
/CD/EPAY/ISDT/2025-11-24
:61:251124C000000000767,56N100EREF//2947981
NL20INGB0675528321
:86:/EREF/23-11-2025 22:40 7020836284852956/TRCD/100/ORDP//NAME
/K.A.Y.A. Electrical Solutions/REMI/9096449756 7020836284852956
 EH/PURP//CD/EPAY/ISDT/2025-11-24
:61:251124C000000000455,87N100EREF//2947982
NL11RABO0386813450
:86:/EREF/24-11-2025 11:22 7020205096999056/TRCD/100/ORDP//NAME
/A.J.W. Biesheuvel eo E.M. Biesheuvel-Moerings/REMI/9097339744
 7020205096999056 VM xui-70758162/PURP//CD/EPAY/ISDT/2025-11-24
:61:251124C000000000391,60N100EREF//2947983
NL82INGB0420222138
:86:/EREF/22-11-2025 17:02 7020185399886904/TRCD/100/ORDP//NAME
/Hr DJJ Haaring,Mw KAJ Horians/REMI/9093978957 7020185399886904
 MD/PURP//CD/EPAY/ISDT/2025-11-24
:61:251124C000000000228,00N100EREF//2947984
NL51RBRB0941637964
:86:/EREF/2025-11-22T10:20 7020254208854108/TRCD/100/ORDP//NAME
/R. Maaskant/REMI/9093031213 7020254208854108 HB/PURP//CD/EPAY
/ISDT/2025-11-24
:61:251124C000000000087,00N100EREF//2947985
NL03INGB0757843506
:86:/EREF/22-11-2025 22:04 7020055388006631/TRCD/100/ORDP//NAME
/Hr M Besseling/REMI/9094521675 7020055388006631 TH/PURP//CD
/EPAY/ISDT/2025-11-24
:61:251124C000000000100,00N100EREF//2947986
NL07INGB0661528448
:86:/EREF/23-11-2025 21:00 7020135391033844/TRCD/100/ORDP//NAME
/Mw MD Haasnoot,Hr B de Mooij/REMI/9096263137 7020135391033844
 EP/PURP//CD/EPAY/ISDT/2025-11-24
:61:251124C000000000448,70N100EREF//2947987
NL29INGB0672581299
:86:/EREF/23-11-2025 17:25 7020184505851426/TRCD/100/ORDP//NAME
/Hr CHE Blankespoor/REMI/9095841028 7020184505851426 KV/PURP//CD
/EPAY/ISDT/2025-11-24
:61:251124C000000000197,50N100EREF//2947988
NL04SNSB8845808289
:86:/EREF/2025-11-23T17:59 7020954187883376/TRCD/100/ORDP//NAME
/R.G.F. van der Kolk e/o S. Bremer/REMI/9095899697
 7020954187883376 VM/PURP//CD/EPAY/ISDT/2025-11-24
:61:251124C000000000105,50N100EREF//2947989
NL18INGB0689234457
:86:/EREF/22-11-2025 17:48 7020926891095659/TRCD/100/ORDP//NAME
/Mw R Beugel en/of Hr M R de Boer/REMI/9094081870
 7020926891095659 LH/PURP//CD/EPAY/ISDT/2025-11-24
:61:251124C000000000364,12N100EREF//2947990
NL19INGB0675724570
:86:/EREF/21-11-2025 16:15 7020916303037309/TRCD/100/ORDP//NAME
/Sphinx Service/REMI/9091603351 7020916303037309 EH/PURP//CD
/EPAY/ISDT/2025-11-24
:61:251124C000000000506,99N100EREF//2947991
NL36INGB0004362626
:86:/EREF/22-11-2025 20:05 7020404502884339/TRCD/100/ORDP//NAME
/Hr EA van Beuningen,Mw KHE van Beuningen-Lops/REMI/9094348814
 7020404502884339 LH/PURP//CD/EPAY/ISDT/2025-11-24
:61:251124C000000000030,00N100EREF//2947992
NL70INGB0009436569
:86:/EREF/23-11-2025 15:26 7020045693942470/TRCD/100/ORDP//NAME
/Mw BC Schop, Hr L Korevaar/REMI/9095612844 7020045693942470 EH
/PURP//CD/EPAY/ISDT/2025-11-24
:61:251124C000000000409,10N100EREF//2947993
NL06INGB0009456054
:86:/EREF/21-11-2025 23:07 7020305097038593/TRCD/100/ORDP//NAME
/Hr S Veeloo/REMI/9092463319 7020305097038593 KV/PURP//CD/EPAY
/ISDT/2025-11-24
:61:251124C000000000693,96N100EREF//2947994
NL24INGB0008234888
:86:/EREF/23-11-2025 09:48 7020195093851522/TRCD/100/ORDP//NAME
/Stichting B4U/REMI/9095016269 7020195093851522 PZ/PURP//CD/EPAY
/ISDT/2025-11-24
:61:251124C000000000570,48N100EREF//2947995
NL45ABNA0575645474
:86:/EREF/21-11-2025 19:45 7020265981949445/TRCD/100/ORDP//NAME
/PN HIJA/REMI/9092126825 7020265981949445 VM/PURP//CD/EPAY/ISDT
/2025-11-24
:61:251124C000000000185,00N100EREF//2947996
NL41SNSB0950535885
:86:/EREF/2025-11-21T17:36 7020235994069577/TRCD/100/ORDP//NAME
/R. van Bakkum e/o J. Zeeman/REMI/9091808105 7020235994069577 EH
/PURP//CD/EPAY/ISDT/2025-11-24
:61:251124C000000001828,00N100EREF//2947997
NL53INGB0005566866
:86:/EREF/21-11-2025 19:53 7020406300097879/TRCD/100/ORDP//NAME
/Hr MP Vissers/REMI/9092149899 7020406300097879 KV/PURP//CD/EPAY
/ISDT/2025-11-24
:61:251124C000000000115,00N100EREF//2947998
NL74INGB0688377424
:86:/EREF/21-11-2025 20:30 7020074194098788/TRCD/100/ORDP//NAME
/Hr U Aydin/REMI/9092215124 7020074194098788 PZ/PURP//CD/EPAY
/ISDT/2025-11-24
:61:251124C000000000484,85N100EREF//2947999
NL77SNSB0852546807
:86:/EREF/2025-11-23T19:49 7020306591091102/TRCD/100/ORDP//NAME
/R. van der Lee/REMI/9096131171 7020306591091102 SL/PURP//CD
/EPAY/ISDT/2025-11-24
:61:251124C000000000122,45N100EREF//2948000
NL36RABO0109021878
:86:/EREF/24-11-2025 11:23 7020175984820943/TRCD/100/ORDP//NAME
/A.D. Geense/REMI/9097344418 7020175984820943 HH xui-82358929
/PURP//CD/EPAY/ISDT/2025-11-24
:61:251124C000000002584,86N541EREF//2948001
NL39RABO0302870601
:86:/EREF/OO9B005240977716/PREF/OO9B005240977716/TRCD/541/ORDP/
/NAME/Kruizinga Beheer B.V./REMI/reserveringnummer 5247632/ISDT
/2025-11-24
:61:251124C000000000250,00N100EREF//2948002
NL96SNSB0865976600
:86:/EREF/2025-11-22T10:04 7020686605885395/TRCD/100/ORDP//NAME
/R.J.P. Haenen/REMI/9093001005 7020686605885395 MD/PURP//CD/EPAY
/ISDT/2025-11-24
:61:251124C000000000524,22N100EREF//2948003
NL03INGB0004244201
:86:/EREF/22-11-2025 14:49 7020065702854432/TRCD/100/ORDP//NAME
/Mw EHM van Zaanen/REMI/9093666762 7020065702854432 PZ/PURP//CD
/EPAY/ISDT/2025-11-24
:61:251124C000000000536,00N100EREF//2948004
NL31INGB0004728212
:86:/EREF/21-11-2025 21:15 7020246902977075/TRCD/100/ORDP//NAME
/Mw HB Verloop/REMI/9092291966 7020246902977075 SR/PURP//CD/EPAY
/ISDT/2025-11-24
:61:251124C000000000062,00N100EREF//2948005
NL44INGB0797196153
:86:/EREF/21-11-2025 21:06 7020525705949691/TRCD/100/ORDP//NAME
/Hr DRE van den Berg/REMI/9092279337 7020525705949691 EH/PURP/
/CD/EPAY/ISDT/2025-11-24
:61:251124C000000000063,75N100EREF//2948006
NL73SNSB0904846563
:86:/EREF/2025-11-22T13:17 7020854490974411/TRCD/100/ORDP//NAME
/M.K. Smith/REMI/9093458177 7020854490974411 HH/PURP//CD/EPAY
/ISDT/2025-11-24
:61:251124C000000000323,60N100EREF//2948007
NL49INGB0005107061
:86:/EREF/22-11-2025 17:38 7020205402854021/TRCD/100/ORDP//NAME
/Hr JT Bresters,DJ Bresters-Biegstraaten/REMI/9094059760
 7020205402854021 HB/PURP//CD/EPAY/ISDT/2025-11-24
:61:251124C000000000145,35N100EREF//2948008
NL46INGB0001909219
:86:/EREF/23-11-2025 12:30 7020855106001396/TRCD/100/ORDP//NAME
/Mw A A R Klomp/REMI/9095295300 7020855106001396 HH/PURP//CD
/EPAY/ISDT/2025-11-24
:61:251124C000000000354,24N100EREF//2948009
NL81SNSB0898470900
:86:/EREF/2025-11-22T14:26 7020795705944678/TRCD/100/ORDP//NAME
/R. Ooms e/o J.W. van den Berg/REMI/9093613669 7020795705944678
 EH/PURP//CD/EPAY/ISDT/2025-11-24
:61:251124C000000001359,30N100EREF//2948010
NL31INGB0795815301
:86:/EREF/22-11-2025 22:37 7020836005854360/TRCD/100/ORDP//NAME
/Mw A Spiridon/REMI/9094566506 7020836005854360 VN/PURP//CD/EPAY
/ISDT/2025-11-24
:61:251124C000000000326,60N100EREF//2948011
NL92INGB0001343366
:86:/EREF/22-11-2025 11:43 7020405084826562/TRCD/100/ORDP//NAME
/Mw KL Chilton/REMI/9093231032 7020405084826562 MD/PURP//CD/EPAY
/ISDT/2025-11-24
:61:251124C000000000574,08N100EREF//2948012
NL61INGB0005479034
:86:/EREF/22-11-2025 11:51 7020916896855974/TRCD/100/ORDP//NAME
/Hr RH Hoogendoorn,C Hoogendoorn-van Santen/REMI/9093253485
 7020916896855974 LH/PURP//CD/EPAY/ISDT/2025-11-24
:61:251124C000000000566,92N100EREF//2948013
NL51INGB0658444123
:86:/EREF/22-11-2025 13:23 7020064787946472/TRCD/100/ORDP//NAME
/Hr N Taylor Parkins/REMI/9093468840 7020064787946472 KM/PURP/
/CD/EPAY/ISDT/2025-11-24
:61:251124C000000000582,00N100EREF//2948014
NL27INGB0748292357
:86:/EREF/21-11-2025 21:26 7020095399829133/TRCD/100/ORDP//NAME
/Mw A Kelder, Hr D Heil/REMI/9092310956 7020095399829133 EP/PURP
//CD/EPAY/ISDT/2025-11-24
:61:251124C000000000558,00N100EREF//2948015
NL80ASNB0932254403
:86:/EREF/2025-11-23T22:15 7020505390912992/TRCD/100/ORDP//NAME
/A.E.T.C. van der Heijden e/o A.H.A.M. Smets/REMI/9096408655
 7020505390912992 KV/PURP//CD/EPAY/ISDT/2025-11-24
:61:251124C000000000315,24N100EREF//2948016
NL87RBRB0898397820
:86:/EREF/2025-11-23T22:36 7020236000032488/TRCD/100/ORDP//NAME
/M. Kuiter e/o T.W. de Goeij/REMI/9096445479 7020236000032488 VM
/PURP//CD/EPAY/ISDT/2025-11-24
:61:251124C000000001452,12N100EREF//2948017
NL72ABNA0578932415
:86:/EREF/22-11-2025 06:59 7020696608916328/TRCD/100/ORDP//NAME
/P G L OP HET VELD CJ/REMI/9092754733 7020696608916328 MD/PURP/
/CD/EPAY/ISDT/2025-11-24
:61:251124C000000000754,96N100EREF//2948018
NL41ASNB8832701987
:86:/EREF/2025-11-23T21:52 7020054505821741/TRCD/100/ORDP//NAME
/A.J.J. van der Meer e/o C. Hekkenberg/REMI/9096364892
 7020054505821741 PZ/PURP//CD/EPAY/ISDT/2025-11-24
:61:251124C000000000450,80N100EREF//2948019
NL72INGB0006538755
:86:/EREF/22-11-2025 17:56 7020224788094207/TRCD/100/ORDP//NAME
/Beeldbroeders/REMI/9094098770 7020224788094207 KV/PURP//CD/EPAY
/ISDT/2025-11-24
:61:251124C000000000767,00N100EREF//2948020
NL44INGB0003778736
:86:/EREF/22-11-2025 19:57 7020765990914009/TRCD/100/ORDP//NAME
/Hr G G T Roelofs/REMI/9094335583 7020765990914009 MD/PURP//CD
/EPAY/ISDT/2025-11-24
:61:251124C000000000957,84N100EREF//2948021
NL78INGB0003980660
:86:/EREF/22-11-2025 15:42 7020224199826286/TRCD/100/ORDP//NAME
/Hr F H Heitlager en/of Mw A vd Spek/REMI/9093788686
 7020224199826286 EH/PURP//CD/EPAY/ISDT/2025-11-24
:61:251124C000000000340,00N100EREF//2948022
NL26SNSB0907129722
:86:/EREF/2025-11-23T21:58 7020365384821252/TRCD/100/ORDP//NAME
/H.J.H. Kivits/REMI/9096379245 7020365384821252 MD/PURP//CD/EPAY
/ISDT/2025-11-24
:61:251124C000000000470,10N100EREF//2948023
NL91SNSB0892234687
:86:/EREF/2025-11-23T19:39 7020085090852077/TRCD/100/ORDP//NAME
/E. Zwart/REMI/9096111067 7020085090852077 KV/PURP//CD/EPAY/ISDT
/2025-11-24
:61:251124C000000000491,20N100EREF//2948024
NL70RBRB0690221673
:86:/EREF/2025-11-23T21:47 7020115400003157/TRCD/100/ORDP//NAME
/W.A. van Kalkeren e/o D.J. van Kalkeren-Wiegers/REMI/9096353567
 7020115400003157 HB/PURP//CD/EPAY/ISDT/2025-11-24
:61:251124C000000000794,56N541EREF//2948025
NL78INGB0651286298
:86:/EREF/B252610123286/TRCD/541/ORDP//NAME/Hr W J Vedder en/of
 Mw H J H Vedder-Visser/ISDT/2025-11-24
:61:251124C000000001614,16N100EREF//2948026
NL87INGB0003876805
:86:/EREF/22-11-2025 14:46 7020266293884381/TRCD/100/ORDP//NAME
/Mw M Korteweg/REMI/9093662860 7020266293884381 PZ/PURP//CD/EPAY
/ISDT/2025-11-24
:61:251124C000000001023,67N100EREF//2948027
NL67INGB0007252183
:86:/EREF/22-11-2025 07:37 7020585690975869/TRCD/100/ORDP//NAME
/Hr B van Rein/REMI/9092782345 7020585690975869 AG/PURP//CD/EPAY
/ISDT/2025-11-24
:61:251124C000000000405,72N100EREF//2948028
NL13INGB0008376027
:86:/EREF/23-11-2025 21:14 7020744181912554/TRCD/100/ORDP//NAME
/The Marketing Unit 010/REMI/9096291646 7020744181912554 PZ/PURP
//CD/EPAY/ISDT/2025-11-24
:61:251124C000000000535,65N100EREF//2948029
NL93ABNA0521341876
:86:/EREF/23-11-2025 21:39 7020356881913109/TRCD/100/ORDP//NAME
/B VALK CJ/REMI/9096342650 7020356881913109 EH/PURP//CD/EPAY
/ISDT/2025-11-24
:61:251124C000000000134,34N100EREF//2948030
NL31SNSB0339498048
:86:/EREF/2025-11-23T22:35 7020264482091249/TRCD/100/ORDP//NAME
/B.V. Tans e/o D. van,t Veld/REMI/9096445328 7020264482091249 HA
/PURP//CD/EPAY/ISDT/2025-11-24
:61:251124C000000000866,56N100EREF//2948031
NL37ASNB8850942230
:86:/EREF/2025-11-23T13:36 7020444784821711/TRCD/100/ORDP//NAME
/R. Labberton e/o R.E. Groeneveld/REMI/9095411369
 7020444784821711 EH/PURP//CD/EPAY/ISDT/2025-11-24
:61:251124C000000000338,80N100EREF//2948032
NL84INGB0000045456
:86:/EREF/24-11-2025 08:30 7020506588090592/TRCD/100/ORDP//NAME
/Mw H de Bruin-van der Velden/REMI/9096929186 7020506588090592
 EP/PURP//CD/EPAY/ISDT/2025-11-24
:61:251124C000000000501,00N100EREF//2948033
NL41INGB0798977612
:86:/EREF/24-11-2025 08:51 7020005108970550/TRCD/100/ORDP//NAME
/Mw CA van Dijk-Buiten,Hr ing G van Dijk/REMI/9096964795
 7020005108970550 HB/PURP//CD/EPAY/ISDT/2025-11-24
:61:251124C000000000209,65N100EREF//2948034
NL85INGB0001090516
:86:/EREF/24-11-2025 08:35 7020366905910997/TRCD/100/ORDP//NAME
/Mw J L J B Brugmans/REMI/9096938455 7020366905910997 KV/PURP/
/CD/EPAY/ISDT/2025-11-24
:61:251124C000000000020,00N100EREF//2948035
NL03INGB0674289161
:86:/EREF/24-11-2025 08:54 7020855981848552/TRCD/100/ORDP//NAME
/Hr MW Bosters, Mw D Raats/REMI/9096973539 7020855981848552 VM
/PURP//CD/EPAY/ISDT/2025-11-24
:61:251124C000000000651,00N100EREF//2948036
NL68ABNA0247537128
:86:/EREF/24-11-2025 08:32 7020036297028639/TRCD/100/ORDP//NAME
/BJW VAN DER MARK CJ/REMI/9096933168 7020036297028639 TH/PURP/
/CD/EPAY/ISDT/2025-11-24
:61:251124C000000001223,20N100EREF//2948037
NL29ABNA0591777444
:86:/EREF/24-11-2025 08:47 7020185706030637/TRCD/100/ORDP//NAME
/F A VAN OORSCHOT/REMI/9096964312 7020185706030637 HH/PURP//CD
/EPAY/ISDT/2025-11-24
:61:251124C000000000180,11N100EREF//2948038
NL54ABNA0577269577
:86:/EREF/24-11-2025 08:46 7020236309089398/TRCD/100/ORDP//NAME
/D RIJSDIJK CJ/REMI/9096958158 7020236309089398 PZ/PURP//CD/EPAY
/ISDT/2025-11-24
:61:251124C000000001440,05N100EREF//2948039
NL73ABNA0458993158
:86:/EREF/24-11-2025 08:31 7020114197090001/TRCD/100/ORDP//NAME
/J BALLAST/REMI/9096924170 7020114197090001 EH/PURP//CD/EPAY
/ISDT/2025-11-24
:61:251124C000000000285,32N100EREF//2948040
NL59ABNA0420524568
:86:/EREF/24-11-2025 08:51 7020466308970766/TRCD/100/ORDP//NAME
/LH DANIELS CJ/REMI/9096965571 7020466308970766 VM/PURP//CD/EPAY
/ISDT/2025-11-24
:61:251124C000000001049,44N100EREF//2948041
NL69ABNA0488154146
:86:/EREF/24-11-2025 09:00 7020735091090910/TRCD/100/ORDP//NAME
/M SWAANS CJ/REMI/9096991018 7020735091090910 AG/PURP//CD/EPAY
/ISDT/2025-11-24
:61:251124C000000000198,80N100EREF//2948042
NL79ASNB0708768555
:86:/EREF/2025-11-23T13:33 7020266605973280/TRCD/100/ORDP//NAME
/L.T.P. Waij/REMI/9095409927 7020266605973280 KV/PURP//CD/EPAY
/ISDT/2025-11-24
:61:251124C000000000111,80N100EREF//2948043
NL88INGB0794531547
:86:/EREF/23-11-2025 18:29 7020326297003094/TRCD/100/ORDP//NAME
/Mw F Najid/REMI/9095966031 7020326297003094 BT/PURP//CD/EPAY
/ISDT/2025-11-24
:61:251124C000000000051,80N100EREF//2948044
NL10INGB0797035648
:86:/EREF/24-11-2025 09:24 7020414793880433/TRCD/100/ORDP//NAME
/Mw A Snoek/REMI/9097037913 7020414793880433 EH/PURP//CD/EPAY
/ISDT/2025-11-24
:61:251124C000000000998,65N100EREF//2948045
NL89INGB0008699318
:86:/EREF/24-11-2025 09:24 7020166893880097/TRCD/100/ORDP//NAME
/Mw RJ Bezemer/REMI/9097041054 7020166893880097 EH/PURP//CD/EPAY
/ISDT/2025-11-24
:61:251124C000000000973,69N100EREF//2948046
NL76INGB0003595800
:86:/EREF/24-11-2025 09:52 7020255705908591/TRCD/100/ORDP//NAME
/Mw IM Koster/REMI/9097111138 7020255705908591 EH/PURP//CD/EPAY
/ISDT/2025-11-24
:61:251124C000000001796,67N100EREF//2948047
NL19INGB0749163852
:86:/EREF/24-11-2025 09:50 7020634502970910/TRCD/100/ORDP//NAME
/Mw EML van Hoeydonck, Hr R Gaddi/REMI/9097097921
 7020634502970910 NO/PURP//CD/EPAY/ISDT/2025-11-24
:61:251124C000000000056,90N100EREF//2948048
NL45INGB0755747550
:86:/EREF/24-11-2025 09:11 7020596005848768/TRCD/100/ORDP//NAME
/Hr J Zuidmeer, Mw IJJ van Kessel/REMI/9097011455
 7020596005848768 HH/PURP//CD/EPAY/ISDT/2025-11-24
:61:251124C000000000030,00N100EREF//2948049
NL38INGB0007643421
:86:/EREF/24-11-2025 09:25 7020344181909815/TRCD/100/ORDP//NAME
/Mw V C Versluis en/of Hr R W Blankestijn/REMI/9097042757
 7020344181909815 EH/PURP//CD/EPAY/ISDT/2025-11-24
:61:251124C000000000014,00N100EREF//2948050
NL23INGB0107048515
:86:/EREF/24-11-2025 09:36 7020595103088063/TRCD/100/ORDP//NAME
/Hr NM Blom,Mw FPT Blom-Wegdam/REMI/9097067320 7020595103088063
 EH/PURP//CD/EPAY/ISDT/2025-11-24
:61:251124C000000000215,20N100EREF//2948051
NL40INGB0006242317
:86:/EREF/24-11-2025 09:11 7020216908910781/TRCD/100/ORDP//NAME
/Mw J van Egmond,Hr D Kroone/REMI/9097011414 7020216908910781 ZV
/PURP//CD/EPAY/ISDT/2025-11-24
:61:251124C000000000328,12N100EREF//2948052
NL80INGB0009244620
:86:/EREF/24-11-2025 09:05 7020736297031000/TRCD/100/ORDP//NAME
/Mw K de Wit/REMI/9097003736 7020736297031000 PZ/PURP//CD/EPAY
/ISDT/2025-11-24
:61:251124C000000001806,22N100EREF//2948053
NL31INGB0003398827
:86:/EREF/24-11-2025 09:57 7020564791029791/TRCD/100/ORDP//NAME
/Hr DA van der Linden,Mw MJ vd Linden-de Jong/REMI/9097115454
 7020564791029791 SL/PURP//CD/EPAY/ISDT/2025-11-24
:61:251124C000000001218,97N100EREF//2948054
NL08INGB0006771737
:86:/EREF/24-11-2025 08:57 7020196896818975/TRCD/100/ORDP//NAME
/Mw V van Rijn/REMI/9096981778 7020196896818975 SL/PURP//CD/EPAY
/ISDT/2025-11-24
:61:251124C000000000695,60N100EREF//2948055
NL14INGB0751974226
:86:/EREF/24-11-2025 09:50 7020795684849068/TRCD/100/ORDP//NAME
/Mw NAF van Hemen/REMI/9097105892 7020795684849068 KV/PURP//CD
/EPAY/ISDT/2025-11-24
:61:251124C000000001530,96N100EREF//2948056
NL75RABO0356611736
:86:/EREF/24-11-2025 11:29 7020314496878063/TRCD/100/ORDP//NAME
/R. Bakels eo A.C. Jintes/REMI/9097357421 7020314496878063 EP
 xui-14181984/PURP//CD/EPAY/ISDT/2025-11-24
:61:251124C000000000148,35N100EREF//2948057
NL44INGB0002954236
:86:/EREF/24-11-2025 09:29 7020535100029443/TRCD/100/ORDP//NAME
/Mw JIM van de Kruisweg/REMI/9097050615 7020535100029443 VN/PURP
//CD/EPAY/ISDT/2025-11-24
:61:251124C000000001571,40N100EREF//2948058
NL54INGB0009587498
:86:/EREF/24-11-2025 09:32 7020095106060583/TRCD/100/ORDP//NAME
/Hr S E Opic/REMI/9097060624 7020095106060583 HE/PURP//CD/EPAY
/ISDT/2025-11-24
:61:251124C000000383753,03N541EREF//2948059
LU89751000135104200E
:86:/EREF/YYW1046364401754/TRCD/541/ORDP//NAME/PayPal Europe
 S.a.r.l. et Cie S.C.A/REMI/YYW1046364401754/PAYPAL/ISDT/2025-11
-24
:61:251124C000000001049,40N100EREF//2948060
NL62INGB0003754065
:86:/EREF/24-11-2025 09:29 7020056896879794/TRCD/100/ORDP//NAME
/Hr AJM Wintermans, Mw MAM Wintermans-Riool/REMI/9097051286
 7020056896879794 TH/PURP//CD/EPAY/ISDT/2025-11-24
:61:251124C000000000518,80N100EREF//2948061
NL76BUNQ2075722552
:86:/EREF/24-11-2025 09:33 7020025387848915/TRCD/100/ORDP//NAME
/G.J.H. Nieuwenhuis/REMI/9097064478 7020025387848915 HB/PURP//CD
/EPAY/ISDT/2025-11-24
:61:251124C000000001902,36N541EREF//2948062
BE39210096870619
:86:/EREF/202511190137671/TRCD/541/ORDP//NAME/WORLDLINE/REMI/R:2
-81993293/992  AFG:MC VAN 19/11 TOT 19/11        
 BRT:0001912,08EUR C:00009,72/PURP//CD/CCRD/ISDT/2025-11-24
:61:251124C000000000185,00N100EREF//2948063
NL47RABO0108398455
:86:/EREF/24-11-2025 11:40 7020145709060037/TRCD/100/ORDP//NAME
/M.H.C.A. Mattijssen/REMI/9097391688 7020145709060037 HB xui
-65962093/PURP//CD/EPAY/ISDT/2025-11-24
:61:251124C000000480721,50N541EREF//2948064
LU89751000135104200E
:86:/EREF/YYW1046409021269/TRCD/541/ORDP//NAME/PayPal Europe
 S.a.r.l. et Cie S.C.A/REMI/YYW1046409021269/PAYPAL/ISDT/2025-11
-24
:61:251124C000000000678,00N100EREF//2948065
NL56RABO0330285890
:86:/EREF/24-11-2025 11:42 7020445096939680/TRCD/100/ORDP//NAME
/P.C. Martens eo E.J.M. Martens-Braakhuis/REMI/9097396587
 7020445096939680 BT xui-46112302/PURP//CD/EPAY/ISDT/2025-11-24
:61:251124C000000000450,24N100EREF//2948066
NL80RABO0194375072
:86:/EREF/24-11-2025 11:42 7020946899910955/TRCD/100/ORDP//NAME
/T.A. de Jong eo D.J.C. Kaspers/REMI/9097395751 7020946899910955
 EH xui-26089602/PURP//CD/EPAY/ISDT/2025-11-24
:61:251124C000000000658,92N100EREF//2948067
NL16RABO0122063694
:86:/EREF/24-11-2025 11:45 7020064500088318/TRCD/100/ORDP//NAME
/H.M. Faber/REMI/9097403148 7020064500088318 EH xui-24959425
/PURP//CD/EPAY/ISDT/2025-11-24
:61:251124C000000000271,40N100EREF//2948068
NL04RABO0388607785
:86:/EREF/24-11-2025 11:50 7020604193848570/TRCD/100/ORDP//NAME
/C.W.C. van Elderen/REMI/9097416713 7020604193848570 KV xui
-93072660/PURP//CD/EPAY/ISDT/2025-11-24
:61:251124C000000000021,00N100EREF//2948069
NL16RABO0122063694
:86:/EREF/24-11-2025 11:52 7020946584820259/TRCD/100/ORDP//NAME
/H.M. Faber/REMI/9097420678 7020946584820259 EH xui-24959425
/PURP//CD/EPAY/ISDT/2025-11-24
:61:251124C000000000028,50N100EREF//2948070
NL21RABO0145628590
:86:/EREF/24-11-2025 11:52 7020915397030169/TRCD/100/ORDP//NAME
/F.C.M. Grimberg/REMI/9097420635 7020915397030169 HH xui
-52343439/PURP//CD/EPAY/ISDT/2025-11-24
:61:251124C000000000250,00N541EREF//2948071
NL50ABNA0493859349
:86:/EREF/2948071/TRCD/541/ORDP//NAME/EE BURAK CJ/REMI
/Res.nr.2858995/ISDT/2025-11-24
:61:251124C000000000792,00N100EREF//2948072
NL34RABO0331252503
:86:/EREF/24-11-2025 11:54 7020284505908966/TRCD/100/ORDP//NAME
/R. van der Veer/REMI/9097426502 7020284505908966 HB xui
-75078170/PURP//CD/EPAY/ISDT/2025-11-24
:61:251124C000000004412,29N541EREF//2948073
BE39210096870619
:86:/EREF/202511190134134/TRCD/541/ORDP//NAME/WORLDLINE/REMI/R:7
-81356438/187          VAN 18/11 TOT 19/11       
 BRT:0004526,57EUR C:00114,28/PURP//CD/CCRD/ISDT/2025-11-24
:61:251124C000000000761,10N541EREF//2948074
DE33358602453019779016
:86:/EREF/2948074/TRCD/541/ORDP//NAME/John H.G. und Gisela
 Schmitz/REMI/Reservering Nr. 6509260/ISDT/2025-11-24
:61:251124C000000064370,91N541EREF//2948075
SE7197810000000007308337
:86:/EREF/019ab34c7c1d7c989be9dc28284a512b/TRCD/541/ORDP//NAME
/Klarna Bank AB/REMI/138967089/ISDT/2025-11-24
:61:251124C000000000950,70N541EREF//2948076
BE33377058443446
:86:/EREF/f353bd8421644d18aaf9b95568ad6b26/TRCD/541/ORDP//NAME
/DE H STEF BOMANS/REMI/7151996/PURP//CD/OTHR/ISDT/2025-11-24
:61:251124C000000000963,60N541EREF//2948077
NL11RABO0192361139
:86:/EREF/OO9B005241249206/PREF/OO9B005241249206/TRCD/541/ORDP/
/NAME/Y.D.C. Faber/REMI/boekingsnummer 4058994 volledige
 betaling aankomst 25-02-2026 Park Zandvoort/ISDT/2025-11-24
:61:251124C000000000250,00N100EREF//2948078
NL48RABO0311637299
:86:/EREF/24-11-2025 12:07 7020666884850274/TRCD/100/ORDP//NAME
/B.J.A. Griffioen eo R. Balosi/REMI/9097466354 7020666884850274
 BS xui-50257937/PURP//CD/EPAY/ISDT/2025-11-24
:61:251124C000000000051,00N100EREF//2948079
NL18RABO0320558347
:86:/EREF/24-11-2025 12:12 7020694802820349/TRCD/100/ORDP//NAME
/E. Nieuwdorp eo V. Katkar/REMI/9097472743 7020694802820349 LH
 xui-80420929/PURP//CD/EPAY/ISDT/2025-11-24
:61:251124C000000000550,44N100EREF//2948080
NL76RABO0159233887
:86:/EREF/24-11-2025 12:12 7020166291000493/TRCD/100/ORDP//NAME
/T.L. Hettema eo J.M. Hettema-van Dijk/REMI/9097472608
 7020166291000493 BK xui-35314974/PURP//CD/EPAY/ISDT/2025-11-24
:61:251124C000000000459,60N100EREF//2948081
NL76RABO0159233887
:86:/EREF/24-11-2025 12:13 7020884802848363/TRCD/100/ORDP//NAME
/T.L. Hettema eo J.M. Hettema-van Dijk/REMI/9097477783
 7020884802848363 BK xui-35314974/PURP//CD/EPAY/ISDT/2025-11-24
:61:251124C000000000150,00N541EREF//2948082
NL43RABO0136246257
:86:/EREF/OO9B005241286990/PREF/OO9B005241286990/TRCD/541/ORDP/
/NAME/S.J. van Trigt eo J.I. Vroman/REMI/2820800/ISDT/2025-11-24
:61:251124C000000000293,30N541EREF//2948083
NL21RABO0314562044
:86:/EREF/0007053281000130297/TRCD/541/ORDP//NAME/R. Hurenkamp
 eo M.W.A. Lindeboom/REMI/0047341/ISDT/2025-11-24
:61:251124C000000000378,20N100EREF//2948084
NL51ABNA0476228999
:86:/EREF/24-11-2025 09:37 7020115999939653/TRCD/100/ORDP//NAME
/RJ WAYENBERG CJ/REMI/9097076628 7020115999939653 HH/PURP//CD
/EPAY/ISDT/2025-11-24
:61:251124C000000000059,90N100EREF//2948085
NL89ABNA0406103038
:86:/EREF/24-11-2025 09:56 7020625091029311/TRCD/100/ORDP//NAME
/J KOEN CJ/REMI/9097104718 7020625091029311 MD/PURP//CD/EPAY
/ISDT/2025-11-24
:61:251124C000000000025,00N100EREF//2948086
NL88ABNA0563550449
:86:/EREF/24-11-2025 09:46 7020415981938819/TRCD/100/ORDP//NAME
/SUZANNE SNIJDERS/REMI/9097092449 7020415981938819 KV/PURP//CD
/EPAY/ISDT/2025-11-24
:61:251124C000000000103,60N100EREF//2948087
NL35INGB0005090629
:86:/EREF/24-11-2025 10:43 7020865985089257/TRCD/100/ORDP//NAME
/Mw JRM Molenveld/REMI/9097233424 7020865985089257 MD/PURP//CD
/EPAY/ISDT/2025-11-24
:61:251124C000000000414,74N100EREF//2948088
NL50INGB0104246863
:86:/EREF/24-11-2025 10:37 7020774193850940/TRCD/100/ORDP//NAME
/Mw J Hamburg,Hr JC Bos/REMI/9097217453 7020774193850940 SL/PURP
//CD/EPAY/ISDT/2025-11-24
:61:251124C000000000575,24N100EREF//2948089
NL30INGB0006035887
:86:/EREF/24-11-2025 10:35 7020924499999581/TRCD/100/ORDP//NAME
/Mw N B Overwater-Beckman/REMI/9097213398 7020924499999581 BS
/PURP//CD/EPAY/ISDT/2025-11-24
:61:251124C000000000408,27N100EREF//2948090
NL68ABNA0571262406
:86:/EREF/24-11-2025 09:55 7020125684968846/TRCD/100/ORDP//NAME
/W SCHLAG CJ/REMI/9097110670 7020125684968846 AR/PURP//CD/EPAY
/ISDT/2025-11-24
:61:251124C000000000346,20N100EREF//2948091
NL24ABNA0494944471
:86:/EREF/24-11-2025 10:04 7020074802970919/TRCD/100/ORDP//NAME
/J TEPPER/REMI/9097134822 7020074802970919 HH/PURP//CD/EPAY/ISDT
/2025-11-24
:61:251124C000000001959,68N100EREF//2948092
NL80RABO0119787407
:86:/EREF/24-11-2025 12:22 7020746587848927/TRCD/100/ORDP//NAME
/J. Folkerts/REMI/9097503858 7020746587848927 EH xui-97181709
/PURP//CD/EPAY/ISDT/2025-11-24
:61:251124C000000000158,48N100EREF//2948093
NL51ABNA0555031993
:86:/EREF/24-11-2025 09:11 7020444487910619/TRCD/100/ORDP//NAME
/A SIMSEK/REMI/9097010509 7020444487910619 KM/PURP//CD/EPAY/ISDT
/2025-11-24
:61:251124C000000000086,00N100EREF//2948094
NL16ABNA0502889012
:86:/EREF/24-11-2025 09:26 7020885688000049/TRCD/100/ORDP//NAME
/H T VAN DER MEULEN WEVER/REMI/9097047210 7020885688000049 VM
/PURP//CD/EPAY/ISDT/2025-11-24
:61:251124C000000000540,80N541EREF//2948095
NL74INGB0006826130
:86:/EREF/2948095/TRCD/541/ORDP//NAME/Mw WM Geers/REMI
/Reserverings nummer 3539501/ISDT/2025-11-24
:61:251124C000000000012,50N100EREF//2948096
NL42RABO0134029534
:86:/EREF/24-11-2025 12:25 7020626303090361/TRCD/100/ORDP//NAME
/Kimberly Zeinstra/REMI/9097506782 7020626303090361 EP xui
-56687723/PURP//CD/EPAY/ISDT/2025-11-24
:61:251124C000000001005,60N100EREF//2948097
NL76RABO0159124956
:86:/EREF/24-11-2025 12:26 7020836894089932/TRCD/100/ORDP//NAME
/J. van Staveren-Jongman eo E. van Staveren/REMI/9097510436
 7020836894089932 HB xui-10023908/PURP//CD/EPAY/ISDT/2025-11-24
:61:251124C000000000040,00N100EREF//2948098
NL69RABO0159780608
:86:/EREF/24-11-2025 12:27 7020665699999587/TRCD/100/ORDP//NAME
/W.C. Pama eo J.J. Sturrus/REMI/9097518223 7020665699999587 VN
 xui-57781341/PURP//CD/EPAY/ISDT/2025-11-24
:61:251124C000000000474,55N100EREF//2948099
NL65INGB0000795026
:86:/EREF/24-11-2025 10:30 7020314508878759/TRCD/100/ORDP//NAME
/Mw C J Assendelft/REMI/9097194433 7020314508878759 EH/PURP//CD
/EPAY/ISDT/2025-11-24
:61:251124C000000002379,28N100EREF//2948100
NL98INGB0668158409
:86:/EREF/24-11-2025 10:08 7020605093908207/TRCD/100/ORDP//NAME
/Hr KMJ van Gehlen, Hr RPCM Willems/REMI/9097127025
 7020605093908207 VM/PURP//CD/EPAY/ISDT/2025-11-24
:61:251124C000000000440,00N100EREF//2948101
NL63INGB0103767061
:86:/EREF/24-11-2025 10:40 7020684781818984/TRCD/100/ORDP//NAME
/Hr J Bun,Mw S Bun-Meijer/REMI/9097229609 7020684781818984 HB
/PURP//CD/EPAY/ISDT/2025-11-24
:61:251124C000000000280,89N100EREF//2948102
NL92INGB0675108373
:86:/EREF/24-11-2025 09:59 7020075390878708/TRCD/100/ORDP//NAME
/Mw W G M Harpe-van Erp/REMI/9097122117 7020075390878708 SL/PURP
//CD/EPAY/ISDT/2025-11-24
:61:251124C000000000656,40N100EREF//2948103
NL89INGB0000317257
:86:/EREF/24-11-2025 09:58 7020336896910343/TRCD/100/ORDP//NAME
/Mw LE Perotti-Beijer/REMI/9097118240 7020336896910343 KV/PURP/
/CD/EPAY/ISDT/2025-11-24
:61:251124C000000000400,00N100EREF//2948104
NL90ABNA0103215476
:86:/EREF/24-11-2025 09:17 7020314193969632/TRCD/100/ORDP//NAME
/M STEGINK CJ/REMI/9097029077 7020314193969632 HH/PURP//CD/EPAY
/ISDT/2025-11-24
:61:251124C000000000701,60N100EREF//2948105
NL37ABNA0430059094
:86:/EREF/24-11-2025 09:46 7020195087848339/TRCD/100/ORDP//NAME
/J FRANSSEN/REMI/9097088052 7020195087848339 EP/PURP//CD/EPAY
/ISDT/2025-11-24
:61:251124C000000000015,00N100EREF//2948106
NL64ABNA0502448350
:86:/EREF/24-11-2025 09:42 7020766600088498/TRCD/100/ORDP//NAME
/MJM ABEN/REMI/9097087614 7020766600088498 AR/PURP//CD/EPAY/ISDT
/2025-11-24
:61:251124C000000000976,00N541EREF//2948107
NL12RABO0156512831
:86:/EREF/IDKREF2000000070670877/TRCD/541/ORDP//NAME/C.J.M.
 Verschure/REMI/IDKREF2000000070670877 5940294/ISDT/2025-11-24
:61:251124C000000000551,24N100EREF//2948108
NL47RABO0143329901
:86:/EREF/24-11-2025 12:30 7020185684998399/TRCD/100/ORDP//NAME
/D.J. Negerman/REMI/9097518818 7020185684998399 EH xui-11930354
/PURP//CD/EPAY/ISDT/2025-11-24
:61:251124C000000000080,00N541EREF//2948109
NL49INGB0003809201
:86:/EREF/2948109/TRCD/541/ORDP//NAME/Mw J Weda-Blom,Hr R Weda
/REMI/4791727/ISDT/2025-11-24
:61:251124C000000000048,00N100EREF//2948110
NL17INGB0004998415
:86:/EREF/24-11-2025 10:05 7020164508910946/TRCD/100/ORDP//NAME
/Mw M Nejabat/REMI/9097137694 7020164508910946 HH/PURP//CD/EPAY
/ISDT/2025-11-24
:61:251124C000000000065,00N100EREF//2948111
NL23INGB0107048515
:86:/EREF/24-11-2025 10:02 7020634805968528/TRCD/100/ORDP//NAME
/Hr NM Blom,Mw FPT Blom-Wegdam/REMI/9097129204 7020634805968528
 EH/PURP//CD/EPAY/ISDT/2025-11-24
:61:251124C000000000875,00N100EREF//2948112
NL67INGB0005118474
:86:/EREF/24-11-2025 10:42 7020486896909572/TRCD/100/ORDP//NAME
/Hr CHA Hagenaars, Mw MAD Hagenaars-Mouthaan/REMI/9097222973
 7020486896909572 HB/PURP//CD/EPAY/ISDT/2025-11-24
:61:251124C000000001141,30N100EREF//2948113
NL73INGB0705133222
:86:/EREF/24-11-2025 10:20 7020564187998537/TRCD/100/ORDP//NAME
/Hr S Gelissen, Mw MP Kruter/REMI/9097166645 7020564187998537 VN
/PURP//CD/EPAY/ISDT/2025-11-24
:61:251124C000000000613,70N100EREF//2948114
NL96INGB0003714168
:86:/EREF/24-11-2025 10:32 7020635993878735/TRCD/100/ORDP//NAME
/M G J Bouwmeester en/of M W Bouwmeester-Poelert/REMI/9097203080
 7020635993878735 SL/PURP//CD/EPAY/ISDT/2025-11-24
:61:251124C000000000300,00N100EREF//2948115
NL72INGB0004198145
:86:/EREF/24-11-2025 10:50 7020526602910385/TRCD/100/ORDP//NAME
/Hr G A Hassert en Mw W Hassert-van Heumen/REMI/9097251385
 7020526602910385 MD/PURP//CD/EPAY/ISDT/2025-11-24
:61:251124C000000000087,00N100EREF//2948116
NL59INGB0750991194
:86:/EREF/24-11-2025 10:18 7020985391028129/TRCD/100/ORDP//NAME
/Mw TME Hilderink/REMI/9097168902 7020985391028129 TH/PURP//CD
/EPAY/ISDT/2025-11-24
:61:251124C000000001263,20N100EREF//2948117
NL21INGB0653281935
:86:/EREF/24-11-2025 10:56 7020236602880784/TRCD/100/ORDP//NAME
/Hr W van den Bosch en/of Mw J van den Bosch-Dezijn/REMI
/9097267864 7020236602880784 HH/PURP//CD/EPAY/ISDT/2025-11-24
:61:251124C000000001136,66N100EREF//2948118
NL65KNAB0256476047
:86:/EREF/2025-11-24T10:25 7020295999850523/TRCD/100/ORDP//NAME
/G. J. Bakkenes en/of W. G./REMI/9097347731 7020295999850523 BT
/PURP//CD/EPAY/ISDT/2025-11-24
:61:251124C000000000416,10N100EREF//2948119
NL57ABNA0111117593
:86:/EREF/24-11-2025 10:55 7020254206058342/TRCD/100/ORDP//NAME
/A KLUITENBERG CJ/REMI/9097262459 7020254206058342 MD/PURP//CD
/EPAY/ISDT/2025-11-24
:61:251124C000000000060,00N100EREF//2948120
NL29ABNA0519028317
:86:/EREF/24-11-2025 10:23 7020106306088861/TRCD/100/ORDP//NAME
/E GROENHUIJZEN V WIJK CJ/REMI/9097184374 7020106306088861 EH
/PURP//CD/EPAY/ISDT/2025-11-24
:61:251124C000000000611,71N100EREF//2948121
NL21KNAB0720882478
:86:/EREF/2025-11-24T10:02 7020914800058639/TRCD/100/ORDP//NAME
/Thijs van Tol/REMI/9097293210 7020914800058639 LH/PURP//CD/EPAY
/ISDT/2025-11-24
:61:251124C000000000684,80N100EREF//2948122
NL81ASNB8833033104
:86:/EREF/2025-11-24T07:48 7020886602938585/TRCD/100/ORDP//NAME
/W. Brink e/o C.C.I.G.T. van Haagen/REMI/9096870055
 7020886602938585 HB/PURP//CD/EPAY/ISDT/2025-11-24
:61:251124C000000000500,00N100EREF//2948123
NL15SNSB0785538771
:86:/EREF/2025-11-24T07:45 7020145988059224/TRCD/100/ORDP//NAME
/L.A.J. van Hamersveld e/o L.B. Slotboom/REMI/9096865404
 7020145988059224 MD/PURP//CD/EPAY/ISDT/2025-11-24
:61:251124C000000000559,74N100EREF//2948124
NL61ABNA0615133207
:86:/EREF/24-11-2025 10:26 7020764493879497/TRCD/100/ORDP//NAME
/G KLIJN/REMI/9097186033 7020764493879497 MD/PURP//CD/EPAY/ISDT
/2025-11-24
:61:251124C000000000575,66N541EREF//2948125
NL98DEUT0265294304
:86:/EREF/AMEXSCT95302044862532405320001793C0/TRCD/541/ORDP/
/NAME/AMERICAN EXPRESS PAYMENTS EUROPE/REMI/AMEX/SE9530204486
/DT301/GR590.12/DI-14.46/CENTRE PARCS EUROPE N V//ISDT/2025-11-24
:61:251124C000000000462,91N541EREF//2948126
NL98DEUT0265294304
:86:/EREF/AMEXSCT95301676832532405320001654C0/TRCD/541/ORDP/
/NAME/AMERICAN EXPRESS PAYMENTS EUROPE/REMI/AMEX/SE9530167683
/DT301/GR476.00/DI-13.09/CENTER PARCS EUROPE N V//ISDT/2025-11-24
:61:251124C000000009891,99N541EREF//2948127
NL98DEUT0265294304
:86:/EREF/AMEXSCT95301676752532405320001653C0/TRCD/541/ORDP/
/NAME/AMERICAN EXPRESS PAYMENTS EUROPE/REMI/AMEX/SE9530167675
/DT301/GR10171.71/DI-279.72/CENTER PARCS EUROPE N V//ISDT/2025
-11-24
:61:251124C000000000193,22N100EREF//2948128
NL50INGB0009542659
:86:/EREF/24-11-2025 10:01 7020715681820313/TRCD/100/ORDP//NAME
/Mw CBJ Elstak-de Kreij/REMI/9097122421 7020715681820313 AR/PURP
//CD/EPAY/ISDT/2025-11-24
:61:251124C000000000020,00N100EREF//2948129
NL77BUNQ2101094630
:86:/EREF/24-11-2025 10:45 7020246296970466/TRCD/100/ORDP//NAME
/Intissar Guds/REMI/9097241112 7020246296970466 MD/PURP//CD/EPAY
/ISDT/2025-11-24
:61:251124C000000000559,02N541EREF//2948130
NL40INGB0004458002
:86:/EREF/2948130/TRCD/541/ORDP//NAME/Mw SJH Huwae-Schepers/REMI
/boekingsnr 8986780 fam huwae/ISDT/2025-11-24
:61:251124C000000000087,48N100EREF//2948131
NL23RABO0172458560
:86:/EREF/24-11-2025 12:34 7020744493939218/TRCD/100/ORDP//NAME
/C.M. van Dijk/REMI/9097537090 7020744493939218 PZ xui-25196043
/PURP//CD/EPAY/ISDT/2025-11-24
:61:251124C000000000217,00N100EREF//2948132
NL93ABNA0813428955
:86:/EREF/24-11-2025 10:48 7020264805970355/TRCD/100/ORDP//NAME
/VLIET VAN DER POLS C C V/REMI/9097246564 7020264805970355 VM
/PURP//CD/EPAY/ISDT/2025-11-24
:61:251124C000000000617,30N541EREF//2948133
NL21INGB0006422885
:86:/EREF/2948133/TRCD/541/ORDP//NAME/Mw B Broekhoff, Hr M Oost
/REMI/Boeking 885390-9/ISDT/2025-11-24
:61:251124C000000000025,00N100EREF//2948134
NL74RABO0138735301
:86:/EREF/24-11-2025 12:44 7020264484968162/TRCD/100/ORDP//NAME
/J.M.G. van Duinen eo A. Maasland/REMI/9097562325
 7020264484968162 KV xui-85989022/PURP//CD/EPAY/ISDT/2025-11-24
:61:251124C000000000065,00N541EREF//2948135
NL62RABO0364724080
:86:/EREF/OO9B005241457375/PREF/OO9B005241457375/TRCD/541/ORDP/
/NAME/K. van der Heijden/REMI/5022767/ISDT/2025-11-24
:61:251124C000000000525,60N100EREF//2948136
NL83RABO0158067142
:86:/EREF/24-11-2025 12:51 7020685396939269/TRCD/100/ORDP//NAME
/A.H. Beekhuizen en L. de Boer/REMI/9097574439 7020685396939269
 HH xui-37242192/PURP//CD/EPAY/ISDT/2025-11-24
:61:251124C000000000564,15N100EREF//2948137
NL50RABO0133963721
:86:/EREF/24-11-2025 12:54 7020134197089611/TRCD/100/ORDP//NAME
/Seline de Bruijn/REMI/9097587605 7020134197089611 MD xui
-70835275/PURP//CD/EPAY/ISDT/2025-11-24
:61:251124C000000000605,30N541EREF//2948138
NL96ABNA0599223413
:86:/EREF/2948138/TRCD/541/ORDP//NAME/S VALK/REMI/6155492/ISDT
/2025-11-24
:61:251124C000000000407,12N100EREF//2948139
NL30RABO0351864687
:86:/EREF/24-11-2025 13:03 7020265396880154/TRCD/100/ORDP//NAME
/M.T. Straatman/REMI/9097603105 7020265396880154 EH xui-10387093
/PURP//CD/EPAY/ISDT/2025-11-24
:61:251124C000000000648,71N100EREF//2948140
NL47RABO0329661469
:86:/EREF/24-11-2025 13:04 7020155408940424/TRCD/100/ORDP//NAME
/M. de Bruine eo R. Krijger/REMI/9097614174 7020155408940424 PZ
 xui-88139873/PURP//CD/EPAY/ISDT/2025-11-24
:61:251124C000000000014,10N100EREF//2948141
NL97RABO0328743143
:86:/EREF/24-11-2025 13:04 7020584788059344/TRCD/100/ORDP//NAME
/L. Vervoort/REMI/9097614154 7020584788059344 KV xui-19620934
/PURP//CD/EPAY/ISDT/2025-11-24
:61:251124C000000000060,00N541EREF//2948142
NL62ABNA0483973378
:86:/EREF/2948142/TRCD/541/ORDP//NAME/R R E MARTINES/REMI
/6568874/ISDT/2025-11-24
:61:251124C000000000709,68N100EREF//2948143
NL18RABO0322560136
:86:/EREF/24-11-2025 13:06 7020316296998213/TRCD/100/ORDP//NAME
/M.D.J.P. de Lor/REMI/9097612809 7020316296998213 KV xui
-53605050/PURP//CD/EPAY/ISDT/2025-11-24
:61:251124C000000000255,23N541EREF//2948144
NL80RABO0159074347
:86:/EREF/OO9B005241591212/PREF/OO9B005241591212/TRCD/541/ORDP/
/NAME/B.F.J. Beelen eo J. Beelen/REMI/2107300/ISDT/2025-11-24
:61:251124C000000000200,00N541EREF//2948145
NL07ABNA0844157678
:86:/EREF/2948145/TRCD/541/ORDP//NAME/MAGIELSEN IMPINK J W CJ
/REMI/Boeking nummer 6250483/ISDT/2025-11-24
:61:251124C000000000029,50N100EREF//2948146
NL98RABO0154510076
:86:/EREF/24-11-2025 13:11 7020706296998429/TRCD/100/ORDP//NAME
/M.H. Maas eo L.G.M. Maas-Rovers/REMI/9097631391
 7020706296998429 KV xui-16553151/PURP//CD/EPAY/ISDT/2025-11-24
:61:251124C000000000354,16N541EREF//2948147
NL67INGB0002508010
:86:/EREF/2948147/TRCD/541/ORDP//NAME/FA de Wit-van der Linden
/REMI/reservering 2772553/ISDT/2025-11-24
:61:251124C000000000335,64N100EREF//2948148
NL66RABO0380847639
:86:/EREF/24-11-2025 13:16 7020475102820874/TRCD/100/ORDP//NAME
/Y. van Munster/REMI/9097639772 7020475102820874 PZ xui-64365741
/PURP//CD/EPAY/ISDT/2025-11-24
:61:251124C000000001617,42N541EREF//2948149
BE57363129155035
:86:/EREF/1189b6b551904937ab809b0aa7d1fc85/TRCD/541/ORDP//NAME
/NOTICED COMMUNICATIEBUREAU/REMI/2771970/ISDT/2025-11-24
:61:251124C000000000320,90N100EREF//2948150
NL60INGB0007706851
:86:/EREF/24-11-2025 11:05 7020595994000235/TRCD/100/ORDP//NAME
/Hr MP Machgeels/REMI/9097291571 7020595994000235 PZ/PURP//CD
/EPAY/ISDT/2025-11-24
:61:251124C000000000200,00N100EREF//2948151
NL64INGB0002913330
:86:/EREF/24-11-2025 11:03 7020275406029776/TRCD/100/ORDP//NAME
/G van Wierst en Mevr B van Wierst-Wilkes/REMI/9097289024
 7020275406029776 EH/PURP//CD/EPAY/ISDT/2025-11-24
:61:251124C000000000828,72N100EREF//2948152
NL81INGB0000219237
:86:/EREF/24-11-2025 11:22 7020504796880499/TRCD/100/ORDP//NAME
/Hr R Westra/REMI/9097344295 7020504796880499 NO/PURP//CD/EPAY
/ISDT/2025-11-24
:61:251124C000000001313,80N100EREF//2948153
NL94INGB0652523536
:86:/EREF/24-11-2025 11:05 7020685699908708/TRCD/100/ORDP//NAME
/Mw FY Bos/REMI/9097293652 7020685699908708 HH/PURP//CD/EPAY
/ISDT/2025-11-24
:61:251124C000000000456,36N100EREF//2948154
NL73INGB0007061373
:86:/EREF/24-11-2025 11:15 7020865393848441/TRCD/100/ORDP//NAME
/Mw A P de Jager/REMI/9097328367 7020865393848441 PZ/PURP//CD
/EPAY/ISDT/2025-11-24
:61:251124C000000000074,50N100EREF//2948155
NL60INGB0005017914
:86:/EREF/24-11-2025 11:33 7020656908848048/TRCD/100/ORDP//NAME
/Hr G P Teunisse/REMI/9097371479 7020656908848048 KV/PURP//CD
/EPAY/ISDT/2025-11-24
:61:251124C000000000538,50N100EREF//2948156
NL90INGB0006829140
:86:/EREF/24-11-2025 11:37 7020326884938687/TRCD/100/ORDP//NAME
/Mw I I Bonnema/REMI/9097379141 7020326884938687 HH/PURP//CD
/EPAY/ISDT/2025-11-24
:61:251124C000000000065,00N100EREF//2948157
NL42INGB0001502085
:86:/EREF/24-11-2025 11:25 7020045405849785/TRCD/100/ORDP//NAME
/Mw JLA Nirandjan/REMI/9097345735 7020045405849785 LH/PURP//CD
/EPAY/ISDT/2025-11-24
:61:251124C000000000289,24N100EREF//2948158
NL50INGB0003645059
:86:/EREF/24-11-2025 11:14 7020326296908126/TRCD/100/ORDP//NAME
/Mw N Azooz-Wachelder/REMI/9097322433 7020326296908126 VM/PURP/
/CD/EPAY/ISDT/2025-11-24
:61:251124C000000000045,00N100EREF//2948159
NL55TRIO0788878999
:86:/EREF/24-11-25 11:11 7020054184880493/TRCD/100/ORDP//NAME
/K.A. Simons en/of G.R. M/REMI/9097312791 7020054184880493 SR
/PURP//CD/EPAY/ISDT/2025-11-24
:61:251124C000000000096,00N100EREF//2948160
NL46TRIO0338895094
:86:/EREF/24-11-25 11:09 7020074508968846/TRCD/100/ORDP//NAME/H.
 Kleinloog/REMI/9097303515 7020074508968846 EH/PURP//CD/EPAY
/ISDT/2025-11-24
:61:251124C000000000069,40N100EREF//2948161
NL46TRIO0338895094
:86:/EREF/24-11-25 11:06 7020236905908555/TRCD/100/ORDP//NAME/H.
 Kleinloog/REMI/9097297087 7020236905908555 EH/PURP//CD/EPAY
/ISDT/2025-11-24
:61:251124C000000000077,00N100EREF//2948162
NL05INGB0669572888
:86:/EREF/24-11-2025 11:51 7020566887940616/TRCD/100/ORDP//NAME
/Mw FM Broere/REMI/9097417528 7020566887940616 KV/PURP//CD/EPAY
/ISDT/2025-11-24
:61:251124C000000000837,18N100EREF//2948163
NL62INGB0702306258
:86:/EREF/24-11-2025 11:42 7020926882028999/TRCD/100/ORDP//NAME
/Mw D Hesseling,Hr M Agterberg/REMI/9097394222 7020926882028999
 TF/PURP//CD/EPAY/ISDT/2025-11-24
:61:251124C000000000050,00N100EREF//2948164
NL76RABO0158493389
:86:/EREF/24-11-2025 13:22 7020694181969311/TRCD/100/ORDP//NAME
/C.H.M. Willemsen eo M.D. van As/REMI/9097655515
 7020694181969311 HH xui-63868822/PURP//CD/EPAY/ISDT/2025-11-24
:61:251124C000000000514,74N100EREF//2948165
NL31RABO0340778636
:86:/EREF/24-11-2025 13:25 7020575100030451/TRCD/100/ORDP//NAME
/J.H. van Alst/REMI/9097664484 7020575100030451 AR xui-32370505
/PURP//CD/EPAY/ISDT/2025-11-24
:61:251124C000000000025,00N100EREF//2948166
NL88RABO0383259827
:86:/EREF/24-11-2025 13:37 7020505091058360/TRCD/100/ORDP//NAME
/A. Maasland/REMI/9097692844 7020505091058360 KV xui-85989022
/PURP//CD/EPAY/ISDT/2025-11-24
:61:251124C000000000637,80N100EREF//2948167
NL93RABO0363206248
:86:/EREF/24-11-2025 13:47 7020624508848780/TRCD/100/ORDP//NAME
/M.G.D. Moras/REMI/9097721942 7020624508848780 EP xui-92864321
/PURP//CD/EPAY/ISDT/2025-11-24
:61:251124C000000000296,48N541EREF//2948168
NL84RABO0361775369
:86:/EREF/OO9B005241798088/PREF/OO9B005241798088/TRCD/541/ORDP/
/NAME/H.J. Kroon/REMI/959131/ISDT/2025-11-24
:61:251124C000000000402,00N100EREF//2948169
NL16RABO0321903676
:86:/EREF/24-11-2025 13:54 7020365400058999/TRCD/100/ORDP//NAME
/M. de Jonge eo J.M. de Rijke/REMI/9097740222 7020365400058999
 TH xui-93635256/PURP//CD/EPAY/ISDT/2025-11-24
:61:251124C000000000476,65N100EREF//2948170
NL04RABO0135780098
:86:/EREF/24-11-2025 13:56 7020596296910934/TRCD/100/ORDP//NAME
/T. van der Sar/REMI/9097738580 7020596296910934 HB xui-62845450
/PURP//CD/EPAY/ISDT/2025-11-24
:61:251124C000000000384,16N100EREF//2948171
NL98RABO0347867839
:86:/EREF/24-11-2025 13:58 7020335106058666/TRCD/100/ORDP//NAME
/M.A.M. Nijenhuis-van de Biezen eo R. Nijenhuis/REMI/9097748601
 7020335106058666 EH xui-42234491/PURP//CD/EPAY/ISDT/2025-11-24
:61:251124C000000000325,68N100EREF//2948172
NL10RABO0393098486
:86:/EREF/24-11-2025 14:00 7020586293819542/TRCD/100/ORDP//NAME
/A. Jakobs e.o. E.M. Jakobs-Verkerk/REMI/9097752932
 7020586293819542 KM xui-95758697/PURP//CD/EPAY/ISDT/2025-11-24
:61:251124C000000000366,00N100EREF//2948173
NL26RABO0326113975
:86:/EREF/24-11-2025 14:00 7020685981879380/TRCD/100/ORDP//NAME
/J. de Vaan/REMI/9097747310 7020685981879380 HB xui-66457375
/PURP//CD/EPAY/ISDT/2025-11-24
:61:251124C000000001104,48N100EREF//2948174
NL42RABO0342405128
:86:/EREF/24-11-2025 14:01 7020005099849569/TRCD/100/ORDP//NAME
/T. de Jager en of M. de Jager-Kooistra/REMI/9097754668
 7020005099849569 ZV xui-12420217/PURP//CD/EPAY/ISDT/2025-11-24
:61:251124C000000000024,51N100EREF//2948175
NL55RABO0311996752
:86:/EREF/24-11-2025 14:02 7020734199969482/TRCD/100/ORDP//NAME
/E.M.J. de Nijs/REMI/9097754993 7020734199969482 EH xui-44919075
/PURP//CD/EPAY/ISDT/2025-11-24
:61:251124C000000000624,63N100EREF//2948176
NL31RABO0105722707
:86:/EREF/24-11-2025 14:04 7020195996880619/TRCD/100/ORDP//NAME
/T.A.W. Wemmers-Heijmen/REMI/9097760286 7020195996880619 HB xui
-69920232/PURP//CD/EPAY/ISDT/2025-11-24
:61:251124C000000000671,20N100EREF//2948177
NL54RABO0178035211
:86:/EREF/24-11-2025 14:05 7020324485089989/TRCD/100/ORDP//NAME
/A.W. Peeters/REMI/9097762483 7020324485089989 EP xui-16153361
/PURP//CD/EPAY/ISDT/2025-11-24
:61:251124C000000000037,15N100EREF//2948178
NL42RABO0175844100
:86:/EREF/24-11-2025 14:07 7020055385058150/TRCD/100/ORDP//NAME
/K.P.Y. van Egmond/REMI/9097773453 7020055385058150 ZV xui
-26827442/PURP//CD/EPAY/ISDT/2025-11-24
:61:251124C000000000520,58N100EREF//2948179
NL42INGB0002235987
:86:/EREF/24-11-2025 12:35 7020764808880949/TRCD/100/ORDP//NAME
/Hr H van Wijk/REMI/9097538172 7020764808880949 PZ/PURP//CD/EPAY
/ISDT/2025-11-24
:61:251124C000000000461,48N100EREF//2948180
NL27INGB0751082465
:86:/EREF/24-11-2025 12:41 7020335696969098/TRCD/100/ORDP//NAME
/Hr CAN Peters/REMI/9097554463 7020335696969098 VM/PURP//CD/EPAY
/ISDT/2025-11-24
:61:251124C000000001751,20N100EREF//2948181
NL91INGB0700789723
:86:/EREF/24-11-2025 12:04 7020416893908420/TRCD/100/ORDP//NAME
/Mw PCM Balemans/REMI/9097450765 7020416893908420 HB/PURP//CD
/EPAY/ISDT/2025-11-24
:61:251124C000000000236,55N100EREF//2948182
NL33INGB0747849056
:86:/EREF/24-11-2025 12:43 7020916281998873/TRCD/100/ORDP//NAME
/Mw P Masius-Louwerse, Hr PPM Masius/REMI/9097554660
 7020916281998873 TH/PURP//CD/EPAY/ISDT/2025-11-24
:61:251124C000000001125,96N100EREF//2948183
NL12ABNA0835196631
:86:/EREF/24-11-2025 10:58 7020885405938330/TRCD/100/ORDP//NAME
/GCM VAN KRUIJSDIJK/REMI/9097270123 7020885405938330 VM/PURP//CD
/EPAY/ISDT/2025-11-24
:61:251124C000000000968,50N100EREF//2948184
NL55INGB0674256700
:86:/EREF/24-11-2025 12:38 7020866581938117/TRCD/100/ORDP//NAME
/Hr RM Wiggers, Mw MT Wiggers-Jacobs/REMI/9097540923
 7020866581938117 EH/PURP//CD/EPAY/ISDT/2025-11-24
:61:251124C000000000052,00N100EREF//2948185
NL13ABNA0487592069
:86:/EREF/24-11-2025 11:33 7020216903088102/TRCD/100/ORDP//NAME
/KJ MEESTERS CJ/REMI/9097374440 7020216903088102 HH/PURP//CD
/EPAY/ISDT/2025-11-24
:61:251124C000000001100,25N100EREF//2948186
NL35ABNA0550266186
:86:/EREF/24-11-2025 11:33 7020774790849752/TRCD/100/ORDP//NAME
/TIELKE DE VRIES/REMI/9097376029 7020774790849752 HB/PURP//CD
/EPAY/ISDT/2025-11-24
:61:251124C000000000818,48N100EREF//2948187
NL50SNSB0907598382
:86:/EREF/2025-11-24T09:25 7020056599878231/TRCD/100/ORDP//NAME
/R. Struiksma/REMI/9097040264 7020056599878231 SL/PURP//CD/EPAY
/ISDT/2025-11-24
:61:251124C000000000059,00N100EREF//2948188
NL95ABNA0833183745
:86:/EREF/24-11-2025 10:59 7020195387969506/TRCD/100/ORDP//NAME
/FLUIT S/REMI/9097278417 7020195387969506 BS/PURP//CD/EPAY/ISDT
/2025-11-24
:61:251124C000000000070,00N100EREF//2948189
NL93ABNA0813428955
:86:/EREF/24-11-2025 11:08 7020705987908726/TRCD/100/ORDP//NAME
/VLIET VAN DER POLS C C V/REMI/9097299810 7020705987908726 VM
/PURP//CD/EPAY/ISDT/2025-11-24
:61:251124C000000000297,50N100EREF//2948190
NL25ABNA0841544271
:86:/EREF/24-11-2025 11:04 7020854485029857/TRCD/100/ORDP//NAME
/IRIS EDELER/REMI/9097289181 7020854485029857 HH/PURP//CD/EPAY
/ISDT/2025-11-24
:61:251124C000000000243,10N100EREF//2948191
NL88ABNA0627350550
:86:/EREF/24-11-2025 11:45 7020354794058609/TRCD/100/ORDP//NAME
/PGN KNOLS CJ/REMI/9097405574 7020354794058609 ZV/PURP//CD/EPAY
/ISDT/2025-11-24
:61:251124C000000000459,86N100EREF//2948192
NL03ABNA0439272378
:86:/EREF/24-11-2025 11:31 7020064808909308/TRCD/100/ORDP//NAME
/SMJT DINGEN/REMI/9097368735 7020064808909308 HB/PURP//CD/EPAY
/ISDT/2025-11-24
:61:251124C000000000039,95N100EREF//2948193
NL50ABNA0430674325
:86:/EREF/24-11-2025 11:24 7020195709030118/TRCD/100/ORDP//NAME
/P SPIJKERMAN/REMI/9097346496 7020195709030118 KV/PURP//CD/EPAY
/ISDT/2025-11-24
:61:251124C000000000358,60N100EREF//2948194
NL88INGB0674789024
:86:/EREF/24-11-2025 12:29 7020796881880694/TRCD/100/ORDP//NAME
/Hr MH Boerman/REMI/9097520736 7020796881880694 ZV/PURP//CD/EPAY
/ISDT/2025-11-24
:61:251124C000000000888,44N100EREF//2948195
NL97INGB0004458722
:86:/EREF/24-11-2025 12:37 7020535099820937/TRCD/100/ORDP//NAME
/Hr JJH Knaebel/REMI/9097537590 7020535099820937 PZ/PURP//CD
/EPAY/ISDT/2025-11-24
:61:251124C000000000059,00N100EREF//2948196
NL04ABNA0835091821
:86:/EREF/24-11-2025 11:07 7020605685090067/TRCD/100/ORDP//NAME
/SLUIJK M CJ/REMI/9097301780 7020605685090067 KV/PURP//CD/EPAY
/ISDT/2025-11-24
:61:251124C000000000536,75N100EREF//2948197
NL28ABNA0111538319
:86:/EREF/24-11-2025 11:10 7020404496878771/TRCD/100/ORDP//NAME
/A ROMERO HERNANDEZ/REMI/9097312611 7020404496878771 LH/PURP//CD
/EPAY/ISDT/2025-11-24
:61:251124C000000000573,34N100EREF//2948198
NL66ABNA0443894264
:86:/EREF/24-11-2025 11:28 7020395682029680/TRCD/100/ORDP//NAME
/P F VALKHOF CJ/REMI/9097362358 7020395682029680 AG/PURP//CD
/EPAY/ISDT/2025-11-24
:61:251124C000000001260,95N100EREF//2948199
NL83ABNA0537429506
:86:/EREF/24-11-2025 11:08 7020575996820640/TRCD/100/ORDP//NAME
/J VENNEKENS CJ/REMI/9097300168 7020575996820640 HB/PURP//CD
/EPAY/ISDT/2025-11-24
:61:251124C000000000405,00N100EREF//2948200
NL68INGB0663241340
:86:/EREF/24-11-2025 12:37 7020144185088024/TRCD/100/ORDP//NAME
/Hr MC van de Leemkolk,Mw RM Stark/REMI/9097542594
 7020144185088024 TH/PURP//CD/EPAY/ISDT/2025-11-24
:61:251124C000000001250,80N100EREF//2948201
NL47INGB0688910343
:86:/EREF/24-11-2025 12:31 7020394502818420/TRCD/100/ORDP//NAME
/Mw CB Leenders, Hr N Gerrits/REMI/9097521826 7020394502818420
 HE/PURP//CD/EPAY/ISDT/2025-11-24
:61:251124C000000000795,36N100EREF//2948202
NL28INGB0008617675
:86:/EREF/24-11-2025 12:32 7020795084999215/TRCD/100/ORDP//NAME
/Mw S S N Thakoerdin en/of Hr R A Bahadoer/REMI/9097529511
 7020795084999215 HA/PURP//CD/EPAY/ISDT/2025-11-24
:61:251124C000000000008,55N100EREF//2948203
NL39INGB0002875174
:86:/EREF/24-11-2025 12:33 7020644205850091/TRCD/100/ORDP//NAME
/Mw MCTJ van der Hijden/REMI/9097535079 7020644205850091 ZV/PURP
//CD/EPAY/ISDT/2025-11-24
:61:251124C000000000948,36N100EREF//2948204
NL53INGB0003839296
:86:/EREF/24-11-2025 11:59 7020676609000928/TRCD/100/ORDP//NAME
/Hr J Springer/REMI/9097437317 7020676609000928 HH/PURP//CD/EPAY
/ISDT/2025-11-24
:61:251124C000000000452,75N100EREF//2948205
NL20INGB0005950222
:86:/EREF/24-11-2025 12:00 7020444181818087/TRCD/100/ORDP//NAME
/Mw S Rooijackers/REMI/9097446096 7020444181818087 HB/PURP//CD
/EPAY/ISDT/2025-11-24
:61:251124C000000001105,62N100EREF//2948206
NL02INGB0005890018
:86:/EREF/24-11-2025 12:46 7020395996879368/TRCD/100/ORDP//NAME
/Hr JG Marges,Mw L Marges-Leenders/REMI/9097561868
 7020395996879368 LH/PURP//CD/EPAY/ISDT/2025-11-24
:61:251124C000000000010,90N100EREF//2948207
NL30INGB0003102995
:86:/EREF/24-11-2025 12:54 7020515982030784/TRCD/100/ORDP//NAME
/Hr J M M van Laarhoven/REMI/9097586522 7020515982030784 MD/PURP
//CD/EPAY/ISDT/2025-11-24
:61:251124C000000000002,50N100EREF//2948208
NL47INGB0001672230
:86:/EREF/24-11-2025 12:53 7020624487909317/TRCD/100/ORDP//NAME
/Mw K Panen/REMI/9097579146 7020624487909317 KV/PURP//CD/EPAY
/ISDT/2025-11-24
:61:251124C000000000270,55N100EREF//2948209
NL18INGB0421636289
:86:/EREF/24-11-2025 12:24 7020176287880805/TRCD/100/ORDP//NAME
/Hr RRJ Pennock,Mw LMC Terruwe/REMI/9097508138 7020176287880805
 AR/PURP//CD/EPAY/ISDT/2025-11-24
:61:251124C000000000106,15N100EREF//2948210
NL91RBRB0706472578
:86:/EREF/2025-11-24T08:33 7020114808910196/TRCD/100/ORDP//NAME
/A.E. Schoorl/REMI/9096938356 7020114808910196 ZV/PURP//CD/EPAY
/ISDT/2025-11-24
:61:251124C000000000298,32N100EREF//2948211
NL08RABO0151931690
:86:/EREF/24-11-2025 14:16 7020356300000688/TRCD/100/ORDP//NAME
/T.C.M. Gevers eo G. Gevers-Selten/REMI/9097797584
 7020356300000688 PZ xui-59141819/PURP//CD/EPAY/ISDT/2025-11-24
:61:251124C000000001309,14N100EREF//2948212
NL34RABO0154929298
:86:/EREF/24-11-2025 14:16 7020305108970109/TRCD/100/ORDP//NAME
/M.L.N.L. Wijnen/REMI/9097798607 7020305108970109 KM xui
-32304275/PURP//CD/EPAY/ISDT/2025-11-24
:61:251124C000000000572,00N100EREF//2948213
NL80RABO0362231923
:86:/EREF/24-11-2025 14:23 7020805688059833/TRCD/100/ORDP//NAME
/R. van Blitterswijk eo R. Ansink/REMI/9097809172
 7020805688059833 KV xui-89005576/PURP//CD/EPAY/ISDT/2025-11-24
:61:251124C000000002638,75N100EREF//2948214
NL63RABO0137922639
:86:/EREF/24-11-2025 14:21 7020124487970055/TRCD/100/ORDP//NAME
/M.A.P. Burlet eo M.M.H. Burlet/REMI/9097802209 7020124487970055
 KV xui-63782755/PURP//CD/EPAY/ISDT/2025-11-24
:61:251124C000000000230,40N100EREF//2948215
NL80RABO0362231923
:86:/EREF/24-11-2025 14:24 7020364490878012/TRCD/100/ORDP//NAME
/R. van Blitterswijk eo R. Ansink/REMI/9097818260
 7020364490878012 KV xui-89005576/PURP//CD/EPAY/ISDT/2025-11-24
:61:251124C000000001276,80N100EREF//2948216
NL09RABO0148151485
:86:/EREF/24-11-2025 14:31 7020025690970415/TRCD/100/ORDP//NAME
/Beautysalon Nature/REMI/9097833016 7020025690970415 SR xui
-70821592/PURP//CD/EPAY/ISDT/2025-11-24
:61:251124C000000001562,63N100EREF//2948217
NL21ABNA0522567797
:86:/EREF/24-11-2025 12:54 7020856306029344/TRCD/100/ORDP//NAME
/DJPL FIKKE/REMI/9097588970 7020856306029344 PZ/PURP//CD/EPAY
/ISDT/2025-11-24
:61:251124C000000000254,64N100EREF//2948218
NL90ABNA0488172004
:86:/EREF/24-11-2025 12:19 7020336308820091/TRCD/100/ORDP//NAME
/BD MACKAY/REMI/9097496551 7020336308820091 VN/PURP//CD/EPAY
/ISDT/2025-11-24
:61:251124C000000000077,00N100EREF//2948219
NL23ABNA0597241368
:86:/EREF/24-11-2025 12:55 7020365987938093/TRCD/100/ORDP//NAME
/A BOERS/REMI/9097586653 7020365987938093 SR/PURP//CD/EPAY/ISDT
/2025-11-24
:61:251124C000000000424,44N100EREF//2948220
NL38ABNA0426796772
:86:/EREF/24-11-2025 12:37 7020416890910079/TRCD/100/ORDP//NAME
/CAN DEMIRTAS/REMI/9097489347 7020416890910079 LA/PURP//CD/EPAY
/ISDT/2025-11-24
:61:251124C000000000143,40N100EREF//2948221
NL37ABNA0518439577
:86:/EREF/24-11-2025 12:40 7020976299820589/TRCD/100/ORDP//NAME
/C VERSANTVOORT VAN DU CJ/REMI/9097546193 7020976299820589 VM
/PURP//CD/EPAY/ISDT/2025-11-24
:61:251124C000000000061,00N100EREF//2948222
NL91ABNA0885061357
:86:/EREF/24-11-2025 12:31 7020696287909422/TRCD/100/ORDP//NAME
/REUSELAARS R D CJ/REMI/9097521863 7020696287909422 PZ/PURP//CD
/EPAY/ISDT/2025-11-24
:61:251124C000000000015,00N100EREF//2948223
NL19SNSB8845208850
:86:/EREF/2025-11-24T09:50 7020895708908381/TRCD/100/ORDP//NAME
/E.C. Verhoeven e/o C.D.E. van Eeden/REMI/9097101121
 7020895708908381 MD/PURP//CD/EPAY/ISDT/2025-11-24
:61:251124C000000000518,25N100EREF//2948224
NL48ABNA0425587681
:86:/EREF/24-11-2025 12:22 7020365390848816/TRCD/100/ORDP//NAME
/MEJ D SCHEPERS/REMI/9097504508 7020365390848816 MD/PURP//CD
/EPAY/ISDT/2025-11-24
:61:251124C000000001254,90N100EREF//2948225
NL55SNSB0945525486
:86:/EREF/2025-11-24T09:45 7020694791088057/TRCD/100/ORDP//NAME
/E. Been/REMI/9097085590 7020694791088057 HH/PURP//CD/EPAY/ISDT
/2025-11-24
:61:251124C000000000303,15N100EREF//2948226
NL26KNAB0601726618
:86:/EREF/2025-11-24T11:42 7020005984818663/TRCD/100/ORDP//NAME
/Quality Mobiliteit B.V./REMI/9097556188 7020005984818663 KV
/PURP//CD/EPAY/ISDT/2025-11-24
:61:251124C000000000374,00N100EREF//2948227
NL80ABNA0528883569
:86:/EREF/24-11-2025 12:15 7020164184940289/TRCD/100/ORDP//NAME
/MJMC BOUWMANS CJ/REMI/9097482017 7020164184940289 LH/PURP//CD
/EPAY/ISDT/2025-11-24
:61:251124C000000001306,95N100EREF//2948228
NL21ABNA0622138782
:86:/EREF/24-11-2025 12:45 7020914184878849/TRCD/100/ORDP//NAME
/D BOOT CJ/REMI/9097558186 7020914184878849 KV/PURP//CD/EPAY
/ISDT/2025-11-24
:61:251124C000000000234,12N100EREF//2948229
NL77SNSB0822287366
:86:/EREF/2025-11-24T10:10 7020675100000553/TRCD/100/ORDP//NAME
/R.M. Janssen/REMI/9097150456 7020675100000553 EH/PURP//CD/EPAY
/ISDT/2025-11-24
:61:251124C000000001319,00N100EREF//2948230
NL26RABO0149117590
:86:/EREF/24-11-2025 14:35 7020295108848534/TRCD/100/ORDP//NAME
/Stijn Opmeer/REMI/9097843758 7020295108848534 KV xui-52024430
/PURP//CD/EPAY/ISDT/2025-11-24
:61:251124C000000000081,00N100EREF//2948231
NL61RABO0190324694
:86:/EREF/24-11-2025 14:37 7020924199910448/TRCD/100/ORDP//NAME
/M.G. Nieuwpoort/REMI/9097849681 7020924199910448 HH xui
-99726358/PURP//CD/EPAY/ISDT/2025-11-24
:61:251124C000000000040,00N100EREF//2948232
NL92RABO0107545888
:86:/EREF/24-11-2025 14:37 7020826285088459/TRCD/100/ORDP//NAME
/K.N.C.M. Merkx/REMI/9097845100 7020826285088459 EP xui-36423455
/PURP//CD/EPAY/ISDT/2025-11-24
:61:251124C000000000529,00N100EREF//2948233
NL18RABO0186710569
:86:/EREF/24-11-2025 14:38 7020436287849206/TRCD/100/ORDP//NAME
/Y.M.J. Martens/REMI/9097853306 7020436287849206 MD xui-59771021
/PURP//CD/EPAY/ISDT/2025-11-24
:61:251124C000000000581,25N100EREF//2948234
NL14RABO0307337804
:86:/EREF/24-11-2025 14:39 7020455100030889/TRCD/100/ORDP//NAME
/A. Snoek/REMI/9097854336 7020455100030889 LH xui-59136762/PURP/
/CD/EPAY/ISDT/2025-11-24
:61:251124C000000000605,90N100EREF//2948235
NL95RABO0102920583
:86:/EREF/24-11-2025 14:49 7020094800060214/TRCD/100/ORDP//NAME
/B. Saat/REMI/9097872895 7020094800060214 HB xui-16670293/PURP/
/CD/EPAY/ISDT/2025-11-24
:61:251124C000000000253,60N541EREF//2948236
NL24RABO0387087338
:86:/EREF/OO9B005242088138/PREF/OO9B005242088138/TRCD/541/ORDP/
/NAME/H. Rozeboom eo H.E. Rozeboom-van Wijde/ISDT/2025-11-24
:61:251124C000000000339,80N541EREF//2948237
NL26RABO0314348069
:86:/EREF/OO9B005242095440/PREF/OO9B005242095440/TRCD/541/ORDP/
/NAME/C.J. Buiting-Vriezen eo Erven H.C.B.M. Buiting/REMI
/reserveringsnummer 4024927/ISDT/2025-11-24
:61:251124C000000001073,84N100EREF//2948238
NL83RABO0128395036
:86:/EREF/24-11-2025 14:52 7020585988060490/TRCD/100/ORDP//NAME
/M.J. Hoenen eo S.V. Hoenen- van Oosten/REMI/9097882309
 7020585988060490 ZV xui-38053695/PURP//CD/EPAY/ISDT/2025-11-24
:61:251124C000000000411,00N100EREF//2948239
NL52RABO0172995418
:86:/EREF/24-11-2025 14:58 7020165084938285/TRCD/100/ORDP//NAME
/A.M. Visscher-Klein/REMI/9097901131 7020165084938285 ZV xui
-58391919/PURP//CD/EPAY/ISDT/2025-11-24
:61:251124C000000000156,16N541EREF//2948240
NL21INGB0002606517
:86:/EREF/boekings nummer 9996304/TRCD/541/ORDP//NAME/IM van
 Weeren-van der Leek, Hr M van Weeren/ISDT/2025-11-24
:61:251124C000000000468,15N100EREF//2948241
NL14RABO0363808973
:86:/EREF/24-11-2025 15:09 7020405096939473/TRCD/100/ORDP//NAME
/J.A. Veldhuis eo S.W. Veldhuis-Landman/REMI/9097929043
 7020405096939473 KV xui-70397257/PURP//CD/EPAY/ISDT/2025-11-24
:61:251124C000000000769,50N100EREF//2948242
NL62RABO0316352896
:86:/EREF/24-11-2025 15:15 7020405096878768/TRCD/100/ORDP//NAME
/R. Blonk/REMI/9097944332 7020405096878768 MD xui-78479565/PURP/
/CD/EPAY/ISDT/2025-11-24
:61:251124C000000000059,00N100EREF//2948243
NL72RABO0361329385
:86:/EREF/24-11-2025 15:30 7020455409088270/TRCD/100/ORDP//NAME
/H.I. Dias/REMI/9097985906 7020455409088270 KV xui-16283716/PURP
//CD/EPAY/ISDT/2025-11-24
:61:251124C000000000100,00N541EREF//2948244
NL69ABNA0542481421
:86:/EREF/2948244/TRCD/541/ORDP//NAME/M SCHEPERS CJ/REMI/6502810
/ISDT/2025-11-24
:61:251124C000000000191,49N100EREF//2948245
NL36RABO0312451830
:86:/EREF/24-11-2025 15:34 7020465093968855/TRCD/100/ORDP//NAME
/Y. Bos eo G. Bos-Vermeer/REMI/9097994601 7020465093968855 PZ
 xui-52540691/PURP//CD/EPAY/ISDT/2025-11-24
:61:251124C000000000171,00N541EREF//2948246
NL69RABO0337024634
:86:/EREF/OO9B005242299430/PREF/OO9B005242299430/TRCD/541/ORDP/
/NAME/P. Schaap/REMI/5163283/ISDT/2025-11-24
:61:251124C000000000332,00N100EREF//2948247
NL79RABO0362384037
:86:/EREF/24-11-2025 15:37 7020706894059422/TRCD/100/ORDP//NAME
/M.P. van Goeije eo S.J.W. van de Vijver/REMI/9097997735
 7020706894059422 EP xui-52939982/PURP//CD/EPAY/ISDT/2025-11-24
:61:251124C000000001368,80N100EREF//2948248
NL09RABO0178295302
:86:/EREF/24-11-2025 15:37 7020634208878888/TRCD/100/ORDP//NAME
/O.J. Vuurens eo D.J. Cosijns/REMI/9097992287 7020634208878888
 TH xui-37851871/PURP//CD/EPAY/ISDT/2025-11-24
:61:251124C000000000496,74N541EREF//2948249
NL75ABNA0110812883
:86:/EREF/2948249/TRCD/541/ORDP//NAME/TJS PROJECTS BV/REMI
/917750-5/ISDT/2025-11-24
:61:251124C000000000004,95N100EREF//2948250
NL96RABO0300746148
:86:/EREF/24-11-2025 15:40 7020884797088582/TRCD/100/ORDP//NAME
/Y.G.M. Ophof eo K. Voorhuis/REMI/9098003146 7020884797088582 HH
 xui-80929404/PURP//CD/EPAY/ISDT/2025-11-24
:61:251124C000000001035,20N100EREF//2948251
NL89RABO0137343469
:86:/EREF/24-11-2025 15:44 7020575699998072/TRCD/100/ORDP//NAME
/N.G. van der Meer/REMI/9098019658 7020575699998072 HH xui
-10004164/PURP//CD/EPAY/ISDT/2025-11-24
:61:251124C000000000230,16N100EREF//2948252
NL80RABO0320708454
:86:/EREF/24-11-2025 15:45 7020294488058327/TRCD/100/ORDP//NAME
/J.J. Ritsema eo G.M. Ritsema-Holtman/REMI/9098019786
 7020294488058327 VM xui-22027226/PURP//CD/EPAY/ISDT/2025-11-24
:61:251124C000000000059,00N100EREF//2948253
NL68ABNA0595088031
:86:/EREF/24-11-2025 13:11 7020924182090841/TRCD/100/ORDP//NAME
/R KLAASSEN/REMI/9097633559 7020924182090841 HB/PURP//CD/EPAY
/ISDT/2025-11-24
:61:251124C000000000660,12N100EREF//2948254
NL81ABNA0574156070
:86:/EREF/24-11-2025 13:07 7020405402850478/TRCD/100/ORDP//NAME
/MAT JOOSTEN/REMI/9097623181 7020405402850478 HB/PURP//CD/EPAY
/ISDT/2025-11-24
:61:251124C000000000433,11N100EREF//2948255
NL04ABNA0629908400
:86:/EREF/24-11-2025 13:15 7020004493998075/TRCD/100/ORDP//NAME
/MM SIEREVELD/REMI/9097641844 7020004493998075
 9643943.1763986510378/PURP//CD/EPAY/ISDT/2025-11-24
:61:251124C000000000434,62N100EREF//2948256
NL03ABNA0521907551
:86:/EREF/24-11-2025 13:21 7020626900028900/TRCD/100/ORDP//NAME
/CA STUIJT CJ/REMI/9097647818 7020626900028900 EH/PURP//CD/EPAY
/ISDT/2025-11-24
:61:251124C000000000515,32N100EREF//2948257
NL76INGB0702885096
:86:/EREF/24-11-2025 13:28 7020716591060835/TRCD/100/ORDP//NAME
/Hr DJG Essers/REMI/9097671097 7020716591060835 VM/PURP//CD/EPAY
/ISDT/2025-11-24
:61:251124C000000000406,77N100EREF//2948258
NL60INGB0748322221
:86:/EREF/24-11-2025 13:05 7020556887969995/TRCD/100/ORDP//NAME
/Hr M Weeteling en/of Mw R Y Kroonenburg/REMI/9097613275
 7020556887969995 SL/PURP//CD/EPAY/ISDT/2025-11-24
:61:251124C000000000227,00N100EREF//2948259
NL10INGB0702535532
:86:/EREF/24-11-2025 13:15 7020225996818744/TRCD/100/ORDP//NAME
/Mw MAG van Gaal/REMI/9097642478 7020225996818744 KV/PURP//CD
/EPAY/ISDT/2025-11-24
:61:251124C000000000645,81N100EREF//2948260
NL37INGB0003362150
:86:/EREF/24-11-2025 13:24 7020525103000094/TRCD/100/ORDP//NAME
/J S M Arts en/of K J M Arts-Kusters/REMI/9097663293
 7020525103000094 MD/PURP//CD/EPAY/ISDT/2025-11-24
:61:251124C000000000669,25N100EREF//2948261
NL46INGB0008771484
:86:/EREF/24-11-2025 13:50 7020954788088510/TRCD/100/ORDP//NAME
/Hr AA Hauf, Mw AP Severijns/REMI/9097724155 7020954788088510 KV
/PURP//CD/EPAY/ISDT/2025-11-24
:61:251124C000000000741,00N100EREF//2948262
NL45ABNA0576707236
:86:/EREF/24-11-2025 13:10 7020096908908015/TRCD/100/ORDP//NAME
/J ESSERS/REMI/9097631223 7020096908908015 HB/PURP//CD/EPAY/ISDT
/2025-11-24
:61:251124C000000001508,64N100EREF//2948263
NL70INGB0000201296
:86:/EREF/24-11-2025 13:34 7020546905879839/TRCD/100/ORDP//NAME
/Mw A H van Waegeningh/REMI/9097680829 7020546905879839 PZ/PURP/
/CD/EPAY/ISDT/2025-11-24
:61:251124C000000000340,48N100EREF//2948264
NL56INGB0002706379
:86:/EREF/24-11-2025 13:06 7020505999939404/TRCD/100/ORDP//NAME
/Mw JRR le Blansch/REMI/9097613432 7020505999939404 HB/PURP//CD
/EPAY/ISDT/2025-11-24
:61:251124C000000000590,40N100EREF//2948265
NL61ABNA0407067043
:86:/EREF/24-11-2025 13:40 7020205396939713/TRCD/100/ORDP//NAME
/L KOOT/REMI/9097701233 7020205396939713 HB/PURP//CD/EPAY/ISDT
/2025-11-24
:61:251124C000000001569,45N100EREF//2948266
NL38INGB0009572072
:86:/EREF/24-11-2025 13:56 7020954787999626/TRCD/100/ORDP//NAME
/Mw K Eijgelsheim/REMI/9097740569 7020954787999626 VN/PURP//CD
/EPAY/ISDT/2025-11-24
:61:251124C000000001469,00N100EREF//2948267
NL37ABNA0508182409
:86:/EREF/24-11-2025 13:34 7020275693909020/TRCD/100/ORDP//NAME
/S J A VAN BENTUM/REMI/9097690791 7020275693909020 HB/PURP//CD
/EPAY/ISDT/2025-11-24
:61:251124C000000000234,00N100EREF//2948268
NL76ABNA0547755767
:86:/EREF/24-11-2025 13:27 7020236303030424/TRCD/100/ORDP//NAME
/MANON POSTMA/REMI/9097672753 7020236303030424 KV/PURP//CD/EPAY
/ISDT/2025-11-24
:61:251124C000000000893,20N100EREF//2948269
NL12ABNA0571325106
:86:/EREF/24-11-2025 13:36 7020094203088261/TRCD/100/ORDP//NAME
/P LAWENDE/REMI/9097690018 7020094203088261 HH/PURP//CD/EPAY
/ISDT/2025-11-24
:61:251124C000000000683,48N100EREF//2948270
NL73INGB0008939681
:86:/EREF/24-11-2025 13:00 7020105685029491/TRCD/100/ORDP//NAME
/DAKDEKKERSBEDRIJF J DISTEL/REMI/9097599414 7020105685029491 SL
/PURP//CD/EPAY/ISDT/2025-11-24
:61:251124C000000000355,00N100EREF//2948271
NL46BUNQ2035327733
:86:/EREF/24-11-2025 13:46 7020834503029629/TRCD/100/ORDP//NAME
/N.J.E. Linders/REMI/9097717596 7020834503029629 KV/PURP//CD
/EPAY/ISDT/2025-11-24
:61:251124C000000000931,30N541EREF//2948272
BE33230016977646
:86:/EREF/2948272/TRCD/541/ORDP//NAME/MARC DE WINTER/REMI
/boeking 4515782/ISDT/2025-11-24
:61:251124C000000000894,61N100EREF//2948273
NL12INGB0704110873
:86:/EREF/24-11-2025 13:10 7020765393880487/TRCD/100/ORDP//NAME
/Mw WCW Reinders-Meuwissen/REMI/9097630590 7020765393880487 PZ
/PURP//CD/EPAY/ISDT/2025-11-24
:61:251124C000000000215,00N100EREF//2948274
NL49ABNA0525804765
:86:/EREF/24-11-2025 13:52 7020085705878624/TRCD/100/ORDP//NAME
/ROUSSEAU CHOCOLADE STEIN/REMI/9097733016 7020085705878624 KV
/PURP//CD/EPAY/ISDT/2025-11-24
:61:251124C000000001397,26N100EREF//2948275
NL02ABNA0254419593
:86:/EREF/24-11-2025 13:42 7020466605999209/TRCD/100/ORDP//NAME
/WGJ VAN HEUGTEN CJ/REMI/9097707925 7020466605999209 PZ/PURP//CD
/EPAY/ISDT/2025-11-24
:61:251124C000000000790,59N100EREF//2948276
NL65RABO0309408806
:86:/EREF/24-11-2025 15:50 7020625694000637/TRCD/100/ORDP//NAME
/T. Kruse eo H.Z.A. Klaver/REMI/9098036085 7020625694000637 AG
 xui-99678926/PURP//CD/EPAY/ISDT/2025-11-24
:61:251124C000000000073,00N100EREF//2948277
NL36RABO0312451830
:86:/EREF/24-11-2025 15:51 7020274796939284/TRCD/100/ORDP//NAME
/Y. Bos eo G. Bos-Vermeer/REMI/9098038105 7020274796939284 PZ
 xui-52540691/PURP//CD/EPAY/ISDT/2025-11-24
:61:251124C000000000030,00N100EREF//2948278
NL69ABNA0441020682
:86:/EREF/24-11-2025 14:23 7020305084879692/TRCD/100/ORDP//NAME
/R VAN DER MAST/REMI/9097815081 7020305084879692 HB/PURP//CD
/EPAY/ISDT/2025-11-24
:61:251124C000000000448,15N100EREF//2948279
NL48ABNA0975792342
:86:/EREF/24-11-2025 14:08 7020054805939230/TRCD/100/ORDP//NAME
/REST S A C VAN/REMI/9097771944 7020054805939230 EH/PURP//CD
/EPAY/ISDT/2025-11-24
:61:251124C000000000594,55N100EREF//2948280
NL06INGB0002910979
:86:/EREF/24-11-2025 14:12 7020664496999035/TRCD/100/ORDP//NAME
/Hr HPA Broekmeulen/REMI/9097781989 7020664496999035 HH/PURP//CD
/EPAY/ISDT/2025-11-24
:61:251124C000000000138,00N100EREF//2948281
NL53INGB0005857672
:86:/EREF/24-11-2025 14:16 7020656906058717/TRCD/100/ORDP//NAME
/Mw D Blommestein/REMI/9097792211 7020656906058717 HB/PURP//CD
/EPAY/ISDT/2025-11-24
:61:251124C000000000833,21N100EREF//2948282
NL90INGB0003043424
:86:/EREF/24-11-2025 14:23 7020985409028291/TRCD/100/ORDP//NAME
/Hr MC Lehmler,Mw GPG Lehmler-Schevers/REMI/9097813987
 7020985409028291 KV/PURP//CD/EPAY/ISDT/2025-11-24
:61:251124C000000000567,00N100EREF//2948283
NL06INGB0003913086
:86:/EREF/24-11-2025 14:50 7020446302819008/TRCD/100/ORDP//NAME
/J C L van Engelen-Norbart e/o N A F E van Engelen/REMI
/9097881938 7020446302819008 KV/PURP//CD/EPAY/ISDT/2025-11-24
:61:251124C000000000392,65N100EREF//2948284
NL94INGB0006125527
:86:/EREF/24-11-2025 14:50 7020384193969602/TRCD/100/ORDP//NAME
/Mw F L A Nieuwhoff en/of Hr M P M Verhoeckx/REMI/9097875974
 7020384193969602 SR/PURP//CD/EPAY/ISDT/2025-11-24
:61:251124C000000000720,60N100EREF//2948285
NL25INGB0442725515
:86:/EREF/24-11-2025 14:09 7020195403028912/TRCD/100/ORDP//NAME
/Hr MM Kooij, Mw GE van Dijk/REMI/9097777126 7020195403028912 HH
/PURP//CD/EPAY/ISDT/2025-11-24
:61:251124C000000000004,95N100EREF//2948286
NL16INGB0704449137
:86:/EREF/24-11-2025 14:06 7020216590908426/TRCD/100/ORDP//NAME
/Mw M Toes-van Hagen/REMI/9097771639 7020216590908426 KV/PURP/
/CD/EPAY/ISDT/2025-11-24
:61:251124C000000000017,00N100EREF//2948287
NL55INGB0539981443
:86:/EREF/24-11-2025 14:06 7020046896878300/TRCD/100/ORDP//NAME
/Mw MA Barendregt,Hr MA Wilfred/REMI/9097773349 7020046896878300
 VN/PURP//CD/EPAY/ISDT/2025-11-24
:61:251124C000000000059,00N100EREF//2948288
NL69INGB0007033703
:86:/EREF/24-11-2025 14:02 7020355390878099/TRCD/100/ORDP//NAME
/Mw GS Janmohamed/REMI/9097754928 7020355390878099 TH/PURP//CD
/EPAY/ISDT/2025-11-24
:61:251124C000000000004,95N100EREF//2948289
NL37ABNA0849973937
:86:/EREF/24-11-2025 14:29 7020474791029605/TRCD/100/ORDP//NAME
/SANNE SWEMMELAAR/REMI/9097822223 7020474791029605 PZ/PURP//CD
/EPAY/ISDT/2025-11-24
:61:251124C000000000075,00N100EREF//2948290
NL39ABNA0478707274
:86:/EREF/24-11-2025 14:37 7020346905880970/TRCD/100/ORDP//NAME
/D VAN DUIJN CJ/REMI/9097843173 7020346905880970 VN/PURP//CD
/EPAY/ISDT/2025-11-24
:61:251124C000000000843,68N100EREF//2948291
NL65INGB0002456054
:86:/EREF/24-11-2025 14:38 7020135996850208/TRCD/100/ORDP//NAME
/Hr AJM van Hooydonk,Mw PP van Hooydonk-de Vos/REMI/9097855158
 7020135996850208 HH/PURP//CD/EPAY/ISDT/2025-11-24
:61:251124C000000000292,40N100EREF//2948292
NL50ABNA0484422898
:86:/EREF/24-11-2025 14:31 7020896608940823/TRCD/100/ORDP//NAME
/JM SCHOTTERT/REMI/9097838652 7020896608940823 HH/PURP//CD/EPAY
/ISDT/2025-11-24
:61:251124C000000000326,44N100EREF//2948293
NL35ABNA0542786419
:86:/EREF/24-11-2025 14:42 7020926587911000/TRCD/100/ORDP//NAME
/S DE HOOG CJ/REMI/9097859625 7020926587911000 PZ/PURP//CD/EPAY
/ISDT/2025-11-24
:61:251124C000000000094,70N100EREF//2948294
NL27ABNA0499618653
:86:/EREF/24-11-2025 14:48 7020895687880340/TRCD/100/ORDP//NAME
/B HOEVE/REMI/9097877323 7020895687880340 HH/PURP//CD/EPAY/ISDT
/2025-11-24
:61:251124C000000000272,00N100EREF//2948295
NL38RABO0334224802
:86:/EREF/24-11-2025 16:01 7020365681998663/TRCD/100/ORDP//NAME
/J.P. Faro/REMI/9098060857 7020365681998663 KV xui-25864343/PURP
//CD/EPAY/ISDT/2025-11-24
:61:251124C000000000239,80N100EREF//2948296
NL17RABO0300623119
:86:/EREF/24-11-2025 16:03 7020594490848702/TRCD/100/ORDP//NAME
/Hondenuitlaatservice Almere Jumpy V/REMI/9098060583
 7020594490848702 KV xui-30317641/PURP//CD/EPAY/ISDT/2025-11-24
:61:251124C000000000091,50N100EREF//2948297
NL36RABO0312451830
:86:/EREF/24-11-2025 16:04 7020555702880691/TRCD/100/ORDP//NAME
/Y. Bos eo G. Bos-Vermeer/REMI/9098068925 7020555702880691 PZ
 xui-52540691/PURP//CD/EPAY/ISDT/2025-11-24
:61:251124C000000000112,50N100EREF//2948298
NL88RABO0306991055
:86:/EREF/24-11-2025 16:10 7020476590819179/TRCD/100/ORDP//NAME
/A.C. de Vos-Kouwenhoven/REMI/9098085809 7020476590819179 SR xui
-48670942/PURP//CD/EPAY/ISDT/2025-11-24
:61:251124C000000000057,00N100EREF//2948299
NL37RABO0332268039
:86:/EREF/24-11-2025 16:17 7020946599848168/TRCD/100/ORDP//NAME
/J. Barnhoorn/REMI/9098102218 7020946599848168 HH xui-23153216
/PURP//CD/EPAY/ISDT/2025-11-24
:61:251124C000000000028,50N100EREF//2948300
NL48RABO0169225488
:86:/EREF/24-11-2025 16:23 7020134502909182/TRCD/100/ORDP//NAME
/W. van Nieuwamerongen/REMI/9098118697 7020134502909182 HH xui
-34723938/PURP//CD/EPAY/ISDT/2025-11-24
:61:251124C000000000525,50N100EREF//2948301
NL05RABO0352204249
:86:/EREF/24-11-2025 16:27 7020606887940910/TRCD/100/ORDP//NAME
/W. van den Berge eo M. van den Berge-Mijnster/REMI/9098125636
 7020606887940910 LH xui-62347209/PURP//CD/EPAY/ISDT/2025-11-24
:61:251124C000000002882,10N541EREF//2948302
NL42ABNA0505351471
:86:/EREF/2948302/TRCD/541/ORDP//NAME/BULT BEHEER BV/REMI
/1701581/ISDT/2025-11-24
:61:251124C000000000114,20N100EREF//2948303
NL97RABO0349082782
:86:/EREF/24-11-2025 16:31 7020276302968315/TRCD/100/ORDP//NAME
/D. Buursink/REMI/9098139843 7020276302968315 EP xui-19866341
/PURP//CD/EPAY/ISDT/2025-11-24
:61:251124C000000000078,30N100EREF//2948304
NL31RABO0140770941
:86:/EREF/24-11-2025 16:35 7020854803059884/TRCD/100/ORDP//NAME
/L.J.M. Scherrenberg/REMI/9098145434 7020854803059884 HB xui
-92999070/PURP//CD/EPAY/ISDT/2025-11-24
:61:251124C000000000038,25N100EREF//2948305
NL67RABO0343499711
:86:/EREF/24-11-2025 16:35 7020624788058255/TRCD/100/ORDP//NAME
/F.W.P. van der Helm eo R.B. Hoogstad/REMI/9098148082
 7020624788058255 HH xui-53089579/PURP//CD/EPAY/ISDT/2025-11-24
:61:251124C000000001712,23N100EREF//2948306
NL82RABO0342728873
:86:/EREF/24-11-2025 16:40 7020364482000469/TRCD/100/ORDP//NAME
/F. Bruijn/REMI/9098157562 7020364482000469 VM xui-51966925/PURP
//CD/EPAY/ISDT/2025-11-24
:61:251124C000000000034,00N100EREF//2948307
NL46RABO0113479042
:86:/EREF/24-11-2025 16:42 7020805390910607/TRCD/100/ORDP//NAME
/P.T.E. Derks eo L. Derks-Knipscheer/REMI/9098157220
 7020805390910607 VM xui-13213145/PURP//CD/EPAY/ISDT/2025-11-24
:61:251124C000000000105,80N100EREF//2948308
NL45RABO0322257301
:86:/EREF/24-11-2025 16:41 7020294500058093/TRCD/100/ORDP//NAME
/G.C. Heusinkveld/REMI/9098163548 7020294500058093 KV xui
-58076635/PURP//CD/EPAY/ISDT/2025-11-24
:61:251124C000000000016,00N541EREF//2948309
NL03ABNA0541377876
:86:/EREF/2948309/TRCD/541/ORDP//NAME/KJ LIE A JEN/REMI/7479918
/ISDT/2025-11-24
:61:251124C000000000059,00N100EREF//2948310
NL08RABO0170817105
:86:/EREF/24-11-2025 16:44 7020366287970082/TRCD/100/ORDP//NAME
/D.G.H. Bellemakers eo C.D. Sutanto/REMI/9098167761
 7020366287970082 LH xui-36421934/PURP//CD/EPAY/ISDT/2025-11-24
:61:251124C000000000250,00N541EREF//2948311
NL78RABO0305243004
:86:/EREF/OO9B005242642186/PREF/OO9B005242642186/TRCD/541/ORDP/
/NAME/J. Dijkstra eo S.B. Dijkstra-Brandsma/REMI/Boekingsnummer
 7214553/ISDT/2025-11-24
:61:251124C000000000304,40N100EREF//2948312
NL13INGB0007559675
:86:/EREF/24-11-2025 15:33 7020245708940847/TRCD/100/ORDP//NAME
/Mw SD Krijnen/REMI/9097993211 7020245708940847 KV/PURP//CD/EPAY
/ISDT/2025-11-24
:61:251124C000000000170,00N100EREF//2948313
NL86INGB0006779839
:86:/EREF/24-11-2025 15:16 7020584799820664/TRCD/100/ORDP//NAME
/Hr JJFM de Vos, Mw AFM Nuijten/REMI/9097946972 7020584799820664
 MD/PURP//CD/EPAY/ISDT/2025-11-24
:61:251124C000000000394,48N100EREF//2948314
NL83KNAB0618928251
:86:/EREF/2025-11-24T02:30 7020675993820370/TRCD/100/ORDP//NAME
/Lisette Zegwaard/REMI/9097976677 7020675993820370 PZ/PURP//CD
/EPAY/ISDT/2025-11-24
:61:251124C000000000028,00N100EREF//2948315
NL88KNAB0259488550
:86:/EREF/2025-11-24T02:33 7020766908908849/TRCD/100/ORDP//NAME
/Sandra Vukkink/REMI/9097986403 7020766908908849 EH/PURP//CD
/EPAY/ISDT/2025-11-24
:61:251124C000000000517,89N100EREF//2948316
NL02RBRB0918763142
:86:/EREF/2025-11-24T12:19 7020195999878750/TRCD/100/ORDP//NAME
/J.P.M. Hommel/REMI/9097491160 7020195999878750 HE/PURP//CD/EPAY
/ISDT/2025-11-24
:61:251124C000000000125,80N100EREF//2948317
NL92SNSB0785541071
:86:/EREF/2025-11-24T11:40 7020286882028369/TRCD/100/ORDP//NAME
/I.E. Nielsen e/o R.J. Wiekamp/REMI/9097388404 7020286882028369
 VM/PURP//CD/EPAY/ISDT/2025-11-24
:61:251124C000000000021,00N100EREF//2948318
NL32INGB0001668135
:86:/EREF/24-11-2025 15:02 7020775408849110/TRCD/100/ORDP//NAME
/Mw M van Wandelen/REMI/9097906676 7020775408849110 HB/PURP//CD
/EPAY/ISDT/2025-11-24
:61:251124C000000000039,00N100EREF//2948319
NL21ABNA0451071328
:86:/EREF/24-11-2025 15:22 7020216884998792/TRCD/100/ORDP//NAME
/JGF NIEBOER CJ/REMI/9097960833 7020216884998792 VN/PURP//CD
/EPAY/ISDT/2025-11-24
:61:251124C000000000632,25N100EREF//2948320
NL87ABNA0572137974
:86:/EREF/24-11-2025 15:26 7020166603090598/TRCD/100/ORDP//NAME
/K DEELSTRA CJ/REMI/9097972632 7020166603090598 MD/PURP//CD/EPAY
/ISDT/2025-11-24
:61:251124C000000003160,60N100EREF//2948321
NL43ABNA0135111668
:86:/EREF/24-11-2025 15:03 7020886602879218/TRCD/100/ORDP//NAME
/KOFFIEHUIS JOE COOL 20/REMI/9097915500 7020886602879218 VN/PURP
//CD/EPAY/ISDT/2025-11-24
:61:251124C000000000489,60N100EREF//2948322
NL98ABNA0508997372
:86:/EREF/24-11-2025 15:12 7020465981909848/TRCD/100/ORDP//NAME
/TH G M TEPAS/REMI/9097934926 7020465981909848 EP/PURP//CD/EPAY
/ISDT/2025-11-24
:61:251124C000000000093,00N100EREF//2948323
NL67ABNA0455474591
:86:/EREF/24-11-2025 15:25 7020514796820418/TRCD/100/ORDP//NAME
/MAIKE VAN LOTRINGEN CJ/REMI/9097970582 7020514796820418 VN/PURP
//CD/EPAY/ISDT/2025-11-24
:61:251124C000000000824,52N100EREF//2948324
NL08ABNA0618827048
:86:/EREF/24-11-2025 15:15 7020535996849848/TRCD/100/ORDP//NAME
/JEFFREY DE VREE/REMI/9097946182 7020535996849848 KV/PURP//CD
/EPAY/ISDT/2025-11-24
:61:251124C000000000589,80N100EREF//2948325
NL25INGB0008419461
:86:/EREF/24-11-2025 15:16 7020435385090958/TRCD/100/ORDP//NAME
/Mw S I Kraus-Hoogeveen en/of Hr R J Kraus/REMI/9097944444
 7020435385090958 HH/PURP//CD/EPAY/ISDT/2025-11-24
:61:251124C000000001355,40N100EREF//2948326
NL51REVO5064644957
:86:/EREF/24-11-2025 14:27 7020534490998246/TRCD/100/ORDP//NAME
/Instructure Labs B.V./REMI/9097966944 7020534490998246 AR/PURP/
/CD/EPAY/ISDT/2025-11-24
:61:251124C000000000666,00N100EREF//2948327
NL64SNSB0705725804
:86:/EREF/2025-11-24T12:25 7020194199909743/TRCD/100/ORDP//NAME
/M.A. Hermeling e/o T.J.G. Gudde/REMI/9097513160
 7020194199909743 HB/PURP//CD/EPAY/ISDT/2025-11-24
:61:251124C000000000134,60N100EREF//2948328
NL13RBRB0956181082
:86:/EREF/2025-11-24T12:27 7020174803030925/TRCD/100/ORDP//NAME
/AUTO-RIJK-UDDEL/REMI/9097512435 7020174803030925 HB/PURP//CD
/EPAY/ISDT/2025-11-24
:61:251124C000000000516,96N100EREF//2948329
NL03KNAB0258024119
:86:/EREF/2025-11-24T01:01 7020895084938258/TRCD/100/ORDP//NAME
/M. H. A. Glasbergen en/of/REMI/9097753083 7020895084938258 KV
/PURP//CD/EPAY/ISDT/2025-11-24
:61:251124C000000000050,00N100EREF//2948330
NL63RABO0328711551
:86:/EREF/24-11-2025 17:05 7020136003000931/TRCD/100/ORDP//NAME
/J. de Vries/REMI/9098213133 7020136003000931 HH xui-33518838
/PURP//CD/EPAY/ISDT/2025-11-24
:61:251124C000000000206,40N100EREF//2948331
NL23RABO0102156646
:86:/EREF/24-11-2025 17:07 7020475084999170/TRCD/100/ORDP//NAME
/R.H. Schoenmaker eo K. Schoenmaker-Hospers/REMI/9098217534
 7020475084999170 HH xui-99821579/PURP//CD/EPAY/ISDT/2025-11-24
:61:251124C000000000250,00N100EREF//2948332
NL18RABO0330475142
:86:/EREF/24-11-2025 17:08 7020955384999272/TRCD/100/ORDP//NAME
/P.F.A.M. de Schepper eo C.E.A. de Schepper-Vervaeck/REMI
/9098219032 7020955384999272 LH xui-21566282/PURP//CD/EPAY/ISDT
/2025-11-24
:61:251124C000000000750,00N541EREF//2948333
NL98INGB0436039737
:86:/EREF/8136487 boekings nummer/TRCD/541/ORDP//NAME/Mw JAB
 Koeiman/ISDT/2025-11-24
:61:251124C000000001158,00N100EREF//2948334
NL66RABO0359353797
:86:/EREF/24-11-2025 17:18 7020805408818390/TRCD/100/ORDP//NAME
/D. van de Graaf eo M.H. van de Graaf-van Velzen/REMI/9098244919
 7020805408818390 KV xui-98963540/PURP//CD/EPAY/ISDT/2025-11-24
:61:251124C000000000039,95N100EREF//2948335
NL16RABO0324510454
:86:/EREF/24-11-2025 17:20 7020774809088546/TRCD/100/ORDP//NAME
/J. Wies/REMI/9098253918 7020774809088546 EH xui-17089852/PURP/
/CD/EPAY/ISDT/2025-11-24
:61:251124C000000000437,09N100EREF//2948336
NL21RABO0331143224
:86:/EREF/24-11-2025 17:18 7020695988060142/TRCD/100/ORDP//NAME
/J. van Keeken/REMI/9098245826 7020695988060142 EH xui-29622284
/PURP//CD/EPAY/ISDT/2025-11-24
:61:251124C000000000844,20N100EREF//2948337
NL28RABO0314211845
:86:/EREF/24-11-2025 17:21 7020164782059110/TRCD/100/ORDP//NAME
/J. Janssen-Hommersom eo B.J. Janssen/REMI/9098253316
 7020164782059110 KV xui-92094030/PURP//CD/EPAY/ISDT/2025-11-24
:61:251124C000000000491,60N100EREF//2948338
NL83RABO0135406293
:86:/EREF/24-11-2025 17:21 7020614499848261/TRCD/100/ORDP//NAME
/M. Megens/REMI/9098255281 7020614499848261 HH xui-33036627/PURP
//CD/EPAY/ISDT/2025-11-24
:61:251124C000000001712,16N100EREF//2948339
NL67RABO0143002651
:86:/EREF/24-11-2025 17:25 7020044208878756/TRCD/100/ORDP//NAME
/P. van Sorgen/REMI/9098266922 7020044208878756 AG xui-58792882
/PURP//CD/EPAY/ISDT/2025-11-24
:61:251124C000000002352,70N100EREF//2948340
NL55RABO0362570612
:86:/EREF/24-11-2025 17:27 7020054482090820/TRCD/100/ORDP//NAME
/M. Wiederhold/REMI/9098268067 7020054482090820 ZV xui-24945889
/PURP//CD/EPAY/ISDT/2025-11-24
:61:251124C000000000063,75N100EREF//2948341
NL60RABO0307274993
:86:/EREF/24-11-2025 17:31 7020575999910313/TRCD/100/ORDP//NAME
/H. van der Starre eo D. Dijkgraaf/REMI/9098273146
 7020575999910313 HB xui-15163873/PURP//CD/EPAY/ISDT/2025-11-24
:61:251124C000000000764,06N100EREF//2948342
NL45RABO0184360064
:86:/EREF/24-11-2025 17:32 7020916896879410/TRCD/100/ORDP//NAME
/P.C.A. Wouters/REMI/9098277800 7020916896879410 PZ xui-55873151
/PURP//CD/EPAY/ISDT/2025-11-24
:61:251124C000000000507,20N100EREF//2948343
NL37RABO0315394307
:86:/EREF/24-11-2025 17:33 7020256897090316/TRCD/100/ORDP//NAME
/N.P. Stolk eo D.A. Roos/REMI/9098283485 7020256897090316 EP xui
-12251694/PURP//CD/EPAY/ISDT/2025-11-24
:61:251124C000000000957,42N100EREF//2948344
NL47RABO0132524295
:86:/EREF/24-11-2025 17:35 7020036602849551/TRCD/100/ORDP//NAME
/J.M.B. Damen/REMI/9098288165 7020036602849551 PZ xui-24020643
/PURP//CD/EPAY/ISDT/2025-11-24
:61:251124C000000001169,49N100EREF//2948345
NL93RABO0181629232
:86:/EREF/24-11-2025 17:36 7020116882058456/TRCD/100/ORDP//NAME
/R.H.J. Boskamp eo N.A. de Jong/REMI/9098288496 7020116882058456
 EH xui-33586573/PURP//CD/EPAY/ISDT/2025-11-24
:61:251124C000000000586,80N541EREF//2948346
NL26RABO0362312532
:86:/EREF/OO9B005242876684/PREF/OO9B005242876684/TRCD/541/ORDP/
/NAME/R. Smallegang eo S.U. Schulz/ISDT/2025-11-24
:61:251124C000000000738,48N100EREF//2948347
NL89RABO0302899480
:86:/EREF/24-11-2025 17:43 7020214487998408/TRCD/100/ORDP//NAME
/N. Strieder eo I. van Zuijlekom/REMI/9098302273
 7020214487998408 SL xui-54650424/PURP//CD/EPAY/ISDT/2025-11-24
:61:251124C000000001215,12N100EREF//2948348
NL34RABO0353846422
:86:/EREF/24-11-2025 17:50 7020184787938693/TRCD/100/ORDP//NAME
/S. Rullens/REMI/9098324113 7020184787938693 HE xui-43160162
/PURP//CD/EPAY/ISDT/2025-11-24
:61:251124C000000000136,00N100EREF//2948349
NL20RABO0107171309
:86:/EREF/24-11-2025 17:54 7020774509058174/TRCD/100/ORDP//NAME
/C.L.J.L. Bouwmeester/REMI/9098329220 7020774509058174 KV xui
-99726622/PURP//CD/EPAY/ISDT/2025-11-24
:61:251124C000000002043,26N100EREF//2948350
NL86RABO0348698763
:86:/EREF/24-11-2025 17:55 7020525682088081/TRCD/100/ORDP//NAME
/R. Vos eo M.E.H. Nijp/REMI/9098329431 7020525682088081 EH xui
-66396562/PURP//CD/EPAY/ISDT/2025-11-24
:61:251124C000000000028,50N100EREF//2948351
NL85RABO0344535347
:86:/EREF/24-11-2025 17:55 7020246599848885/TRCD/100/ORDP//NAME
/Y.C. Henderson eo J. Hilhorst/REMI/9098329325 7020246599848885
 HB xui-19619236/PURP//CD/EPAY/ISDT/2025-11-24
:61:251124C000000000108,25N100EREF//2948352
NL48RABO0150062168
:86:/EREF/24-11-2025 17:58 7020166593970298/TRCD/100/ORDP//NAME
/U.C.M. Hendriks-van de Vorst/REMI/9098342536 7020166593970298
 EH xui-58172893/PURP//CD/EPAY/ISDT/2025-11-24
:61:251124C000000000216,60N100EREF//2948353
NL14RABO0129112526
:86:/EREF/24-11-2025 17:59 7020344508908225/TRCD/100/ORDP//NAME
/J. van Galen/REMI/9098342654 7020344508908225 HB xui-49556343
/PURP//CD/EPAY/ISDT/2025-11-24
:61:251124C000000000248,40N100EREF//2948354
NL86RABO0123871581
:86:/EREF/24-11-2025 18:02 7020186006089332/TRCD/100/ORDP//NAME
/C.J. Philipse eo W.P.S. de Wilde/REMI/9098352192
 7020186006089332 MD xui-28929666/PURP//CD/EPAY/ISDT/2025-11-24
:61:251124C000000000224,50N100EREF//2948355
NL67RABO0153869755
:86:/EREF/24-11-2025 18:09 7020826908850499/TRCD/100/ORDP//NAME
/A.C.A.P. Tak/REMI/9098368128 7020826908850499 MD xui-73097434
/PURP//CD/EPAY/ISDT/2025-11-24
:61:251124C000000000096,80N100EREF//2948356
NL22RABO0362957460
:86:/EREF/24-11-2025 18:11 7020836902908675/TRCD/100/ORDP//NAME
/P. van Aggelen eo M.H.C. van Aggelen-v. Zoelen/REMI/9098368372
 7020836902908675 KV xui-53617688/PURP//CD/EPAY/ISDT/2025-11-24
:61:251123D000000185918,61N625NONREF//2948357
NL31RABO0300087233
:86:/EREF/POYTCPE2025000003691/TRCD/625/BENM//NAME/Center Parcs
 Europe N.V./REMI/CPES112400013 CC300002343/300087233/INIT//NAME
/Center Parcs Europe N.V.
:61:251122D000000113117,48N625NONREF//2948358
NL31RABO0300087233
:86:/EREF/POYTCPE2025000003689/TRCD/625/BENM//NAME/Center Parcs
 Europe N.V./REMI/CPES112400012 CC300002343/300087233/INIT//NAME
/Center Parcs Europe N.V.
:61:251124D000001996295,90N625NONREF//2948359
NL31RABO0300087233
:86:/EREF/POYTCPE2025000003693/TRCD/625/BENM//NAME/Center Parcs
 Europe N.V./REMI/CPES112400014 CC300002343/300087233/INIT//NAME
/Center Parcs Europe N.V.
:61:251121D000000050133,12N625NONREF//2948360
NL31RABO0300087233
:86:/EREF/POYTCPE2025000003687/TRCD/625/BENM//NAME/Center Parcs
 Europe N.V./REMI/CPES112400011 CC300002343/300087233/INIT//NAME
/Center Parcs Europe N.V.
:61:251124C000000000500,00N541EREF//2948361
NL58RABO0138393761
:86:/EREF/OO9B005243046354/PREF/OO9B005243046354/TRCD/541/ORDP/
/NAME/I.M.A.F. Weerts-Tak/REMI/9720512/ISDT/2025-11-24
:61:251124C000000000351,20N541EREF//2948362
NL61ABNA0877537607
:86:/EREF/2948362/TRCD/541/ORDP//NAME/BRAM VAN DER LUGT CJ/REMI
/7538197/ISDT/2025-11-24
:61:251124C000000000772,50N541EREF//2948363
NL06ABNA0588226300
:86:/EREF/2948363/TRCD/541/ORDP//NAME/S E CAMERON/REMI
/boekingsnr 9285846/ISDT/2025-11-24
:61:251124C000000000493,75N100EREF//2948364
NL89RABO0157627721
:86:/EREF/24-11-2025 18:22 7020914193848363/TRCD/100/ORDP//NAME
/G. van Hal/REMI/9098391220 7020914193848363 MD xui-76517320
/PURP//CD/EPAY/ISDT/2025-11-24
:61:251124C000000000437,60N541EREF//2948365
NL57INGB0006227461
:86:/EREF/boekings nr bkjz5kqffh/TRCD/541/ORDP//NAME/Hr J M C
 Putters en/of Mw C E Maertzendorff/ISDT/2025-11-24
:61:251124C000000000710,12N100EREF//2948366
NL02RABO0366880209
:86:/EREF/24-11-2025 18:26 7020435084939701/TRCD/100/ORDP//NAME
/R. Biesheuvel eo L. Biesheuvel-Terpstra/REMI/9098403798
 7020435084939701 AR xui-79176097/PURP//CD/EPAY/ISDT/2025-11-24
:61:251124C000000000446,48N100EREF//2948367
NL77RABO0380834928
:86:/EREF/24-11-2025 18:26 7020155088000952/TRCD/100/ORDP//NAME
/C.L. Bolier/REMI/9098404702 7020155088000952 PZ xui-13071430
/PURP//CD/EPAY/ISDT/2025-11-24
:61:251124C000000002873,60N100EREF//2948368
NL51RABO0339055847
:86:/EREF/24-11-2025 18:27 7020184781969896/TRCD/100/ORDP//NAME
/R. de Quillettes eo A. Poelma/REMI/9098401847 7020184781969896
 AG xui-92187925/PURP//CD/EPAY/ISDT/2025-11-24
:61:251124C000000000957,75N100EREF//2948369
NL91RABO0304552615
:86:/EREF/24-11-2025 18:28 7020065081848306/TRCD/100/ORDP//NAME
/R.W.J.M. van de Woerdt/REMI/9098404987 7020065081848306 LH xui
-99946957/PURP//CD/EPAY/ISDT/2025-11-24
:61:251124C000000000050,00N100EREF//2948370
NL55RABO0305244485
:86:/EREF/24-11-2025 18:30 7020055994028879/TRCD/100/ORDP//NAME
/P. Bekkema-Draaijer/REMI/9098410635 7020055994028879 SR xui
-71180142/PURP//CD/EPAY/ISDT/2025-11-24
:61:251124C000000000096,00N100EREF//2948371
NL43RABO0395168260
:86:/EREF/24-11-2025 18:31 7020294784938435/TRCD/100/ORDP//NAME
/A. Roelofs Y. Roelofs-Estevez Cotera/REMI/9098413296
 7020294784938435 EH xui-11526130/PURP//CD/EPAY/ISDT/2025-11-24
:61:251124C000000000735,00N100EREF//2948372
NL66RABO0157041867
:86:/EREF/24-11-2025 18:33 7020075690969569/TRCD/100/ORDP//NAME
/Geenen Gardening/REMI/9098420033 7020075690969569 HB xui
-80468900/PURP//CD/EPAY/ISDT/2025-11-24
:61:251124C000000000867,20N541EREF//2948373
NL58RABO0327214155
:86:/EREF/OO9B005243134002/PREF/OO9B005243134002/TRCD/541/ORDP/
/NAME/D. van Giessel/REMI/3287515/ISDT/2025-11-24
:61:251124C000000000741,87N541EREF//2948374
NL54RABO0309455952
:86:/EREF/OO9B005243157653/PREF/OO9B005243157653/TRCD/541/ORDP/
/NAME/L.C. Slot/REMI/2753082/ISDT/2025-11-24
:61:251124C000000000323,96N100EREF//2948375
NL93RABO0311168949
:86:/EREF/24-11-2025 18:44 7020675993999395/TRCD/100/ORDP//NAME
/S. Harms eo M.J.F. Hemel/REMI/9098446653 7020675993999395 SL
 xui-21645418/PURP//CD/EPAY/ISDT/2025-11-24
:61:251124C000000000372,00N100EREF//2948376
NL22RABO0160335809
:86:/EREF/24-11-2025 18:48 7020454791060313/TRCD/100/ORDP//NAME
/N.A.H. van Hees/REMI/9098451713 7020454791060313 MD xui
-10280860/PURP//CD/EPAY/ISDT/2025-11-24
:61:251124C000000000091,00N100EREF//2948377
NL11RABO0128573163
:86:/EREF/24-11-2025 18:52 7020485084820076/TRCD/100/ORDP//NAME
/W.A. Mellema eo S. Blaauw/REMI/9098461551 7020485084820076 HH
 xui-10118334/PURP//CD/EPAY/ISDT/2025-11-24
:61:251124C000000000960,54N541EREF//2948378
NL25INGB0008360582
:86:/EREF/2948378/TRCD/541/ORDP//NAME/Hr G G Beekman en/of Hr J
 H Beekman/REMI/Reserveringsnummer 4324662/ISDT/2025-11-24
:61:251124C000000000662,36N100EREF//2948379
NL92RABO0311525733
:86:/EREF/24-11-2025 18:53 7020155088028855/TRCD/100/ORDP//NAME
/A. Rus eo P.A. Rus-Smit/REMI/9098461793 7020155088028855 HA xui
-99049239/PURP//CD/EPAY/ISDT/2025-11-24
:61:251124C000000000389,50N100EREF//2948380
NL61RABO0128271078
:86:/EREF/24-11-2025 18:56 7020116600088435/TRCD/100/ORDP//NAME
/B.F.C.W. Kanters eo M.P.H. van Gestel/REMI/9098470971
 7020116600088435 VN xui-57033324/PURP//CD/EPAY/ISDT/2025-11-24
:61:251124C000000001712,60N100EREF//2948381
NL95RABO0340310235
:86:/EREF/24-11-2025 18:59 7020805399938594/TRCD/100/ORDP//NAME
/J. Elshof/REMI/9098471570 7020805399938594 MD xui-10208611/PURP
//CD/EPAY/ISDT/2025-11-24
:61:251124C000000000351,12N100EREF//2948382
NL55RABO0332001741
:86:/EREF/24-11-2025 19:01 7020444805910892/TRCD/100/ORDP//NAME
/R. van Lee eo L.J.F. Muskens/REMI/9098478474 7020444805910892
 VM xui-69548251/PURP//CD/EPAY/ISDT/2025-11-24
:61:251124C000000000334,10N100EREF//2948383
NL09RABO0322534690
:86:/EREF/24-11-2025 19:04 7020384497000112/TRCD/100/ORDP//NAME
/J. van Peperstraten/REMI/9098487998 7020384497000112 HH xui
-85732278/PURP//CD/EPAY/ISDT/2025-11-24
:61:251124C000000000030,00N100EREF//2948384
NL46RABO0347417434
:86:/EREF/24-11-2025 19:04 7020406896970193/TRCD/100/ORDP//NAME
/A. van Herk eo B.C. van Herk-Breure/REMI/9098487039
 7020406896970193 MD xui-28392966/PURP//CD/EPAY/ISDT/2025-11-24
:61:251124C000000000489,50N100EREF//2948385
NL21RABO0155232754
:86:/EREF/24-11-2025 19:05 7020696305970166/TRCD/100/ORDP//NAME
/M.S. Bennaceur eo L. Majaiti/REMI/9098490251 7020696305970166
 HH xui-62728445/PURP//CD/EPAY/ISDT/2025-11-24
:61:251124C000000000028,50N100EREF//2948386
NL66RABO0376837659
:86:/EREF/24-11-2025 19:05 7020265100029659/TRCD/100/ORDP//NAME
/J.F.W. Schuchart eo M. Schuchart-van Gerwen/REMI/9098488915
 7020265100029659 HB xui-88759451/PURP//CD/EPAY/ISDT/2025-11-24
:61:251124C000000000708,85N100EREF//2948387
NL02RABO0364907908
:86:/EREF/24-11-2025 19:07 7020595708940865/TRCD/100/ORDP//NAME
/T.T.M. Hagelaars/REMI/9098491704 7020595708940865 VM xui
-31464692/PURP//CD/EPAY/ISDT/2025-11-24
:61:251124C000000000014,00N100EREF//2948388
NL38RABO0151901856
:86:/EREF/24-11-2025 19:07 7020196885089746/TRCD/100/ORDP//NAME
/L. Daniels/REMI/9098490616 7020196885089746 ZV xui-68471812
/PURP//CD/EPAY/ISDT/2025-11-24
:61:251124C000000000399,00N100EREF//2948389
NL92RABO0340342978
:86:/EREF/24-11-2025 19:08 7020014196879593/TRCD/100/ORDP//NAME
/L.J.M. Ammerlaan eo C. Ammerlaan-Hanemaayer/REMI/9098497745
 7020014196879593 KV xui-77932003/PURP//CD/EPAY/ISDT/2025-11-24
:61:251124C000000002060,22N541EREF//2948390
NL71KNAB0256658978
:86:/EREF/2948390/TRCD/541/ORDP//NAME/R. Bergamin/ISDT/2025-11-24
:61:251124C000000000412,80N100EREF//2948391
NL74RABO0129149470
:86:/EREF/24-11-2025 19:11 7020295681998888/TRCD/100/ORDP//NAME
/K. Min-Vennik/REMI/9098502819 7020295681998888 HH xui-10307000
/PURP//CD/EPAY/ISDT/2025-11-24
:61:251124C000000000125,00N541EREF//2948392
NL37INGB0000227401
:86:/EREF/2948392/TRCD/541/ORDP//NAME/Hr D B Goedkoop/REMI
/boekingsnummer 8088751/ISDT/2025-11-24
:61:251124C000000000651,00N100EREF//2948393
NL08RABO0133593452
:86:/EREF/24-11-2025 19:15 7020454208820739/TRCD/100/ORDP//NAME
/D.T.M. Bessems/REMI/9098510246 7020454208820739 KV xui-99883771
/PURP//CD/EPAY/ISDT/2025-11-24
:61:251124C000000001036,38N100EREF//2948394
NL90RABO0363030247
:86:/EREF/24-11-2025 19:17 7020025084879953/TRCD/100/ORDP//NAME
/T. Dijkstra en of G. Dijkstra-van der Wal/REMI/9098510247
 7020025084879953 EH xui-96823358/PURP//CD/EPAY/ISDT/2025-11-24
:61:251124C000000000075,00N100EREF//2948395
NL07RABO0359292488
:86:/EREF/24-11-2025 19:17 7020156300028594/TRCD/100/ORDP//NAME
/S.G.B. Gouweloos eo J.S.M. van der Mede/REMI/9098515423
 7020156300028594 MD xui-78876283/PURP//CD/EPAY/ISDT/2025-11-24
:61:251124C000000001775,64N100EREF//2948396
NL91RABO0359655890
:86:/EREF/24-11-2025 19:19 7020956282090073/TRCD/100/ORDP//NAME
/A.J. van de Weele eo C.J.M. van de Weele-Bel/REMI/9098519357
 7020956282090073 KV xui-22850997/PURP//CD/EPAY/ISDT/2025-11-24
:61:251124C000000000802,07N100EREF//2948397
NL97RABO0329489267
:86:/EREF/24-11-2025 19:19 7020826891088480/TRCD/100/ORDP//NAME
/N. Boere eo S.K. Meijndert/REMI/9098513618 7020826891088480 SL
 xui-54229722/PURP//CD/EPAY/ISDT/2025-11-24
:61:251124C000000000255,48N100EREF//2948398
NL05RABO0346177057
:86:/EREF/24-11-2025 19:19 7020865097029839/TRCD/100/ORDP//NAME
/S.H.M.M. van Berkel eo J.L.J. Joosten/REMI/9098516567
 7020865097029839 PZ xui-86230771/PURP//CD/EPAY/ISDT/2025-11-24
:61:251124C000000001665,20N100EREF//2948399
NL51RABO0378997246
:86:/EREF/24-11-2025 19:22 7020524202909293/TRCD/100/ORDP//NAME
/Inframax/REMI/9098522806 7020524202909293 VN xui-96301644/PURP/
/CD/EPAY/ISDT/2025-11-24
:61:251124C000000000533,16N100EREF//2948400
NL20RABO0137548605
:86:/EREF/24-11-2025 19:28 7020376605968897/TRCD/100/ORDP//NAME
/J.J.L.F. de Cort eo J.J.J.A. Gruijters/REMI/9098540034
 7020376605968897 MD xui-82567650/PURP//CD/EPAY/ISDT/2025-11-24
:61:251124C000000000819,80N100EREF//2948401
NL88RABO0160452767
:86:/EREF/24-11-2025 19:29 7020286594000067/TRCD/100/ORDP//NAME
/D. Coeymans/REMI/9098540217 7020286594000067 HB xui-62172167
/PURP//CD/EPAY/ISDT/2025-11-24
:61:251124C000000000030,00N100EREF//2948402
NL42RABO0152715614
:86:/EREF/24-11-2025 19:29 7020045408968021/TRCD/100/ORDP//NAME
/S. Ruiter/REMI/9098539002 7020045408968021 PZ xui-99898528/PURP
//CD/EPAY/ISDT/2025-11-24
:61:251124C000000000624,18N100EREF//2948403
NL11RABO0102233977
:86:/EREF/24-11-2025 19:32 7020854799820877/TRCD/100/ORDP//NAME
/J.C.H.G. van Doorn/REMI/9098546405 7020854799820877 AR xui
-86796596/PURP//CD/EPAY/ISDT/2025-11-24
:61:251124C000000000337,19N100EREF//2948404
NL35RABO0136190820
:86:/EREF/24-11-2025 19:32 7020356308998087/TRCD/100/ORDP//NAME
/V.W.A. Brouwer/REMI/9098546338 7020356308998087 EH xui-92893548
/PURP//CD/EPAY/ISDT/2025-11-24
:61:251124C000000000373,46N100EREF//2948405
NL09RABO0127715622
:86:/EREF/24-11-2025 19:33 7020244502818981/TRCD/100/ORDP//NAME
/E.M. Roos eo E.J. Cornet/REMI/9098545680 7020244502818981 EH
 xui-10190527/PURP//CD/EPAY/ISDT/2025-11-24
:61:251124C000000000342,85N100EREF//2948406
NL82RABO0101293739
:86:/EREF/24-11-2025 19:34 7020806597028690/TRCD/100/ORDP//NAME
/C. Robijn/REMI/9098551207 7020806597028690 HA xui-33542507/PURP
//CD/EPAY/ISDT/2025-11-24
:61:251124C000000000377,90N100EREF//2948407
NL52RABO0393738027
:86:/EREF/24-11-2025 19:35 7020185094089494/TRCD/100/ORDP//NAME
/C.A. de Boer eo L. de Boer-Poster/REMI/9098549063
 7020185094089494 AG xui-70759315/PURP//CD/EPAY/ISDT/2025-11-24
:61:251124C000000000742,24N100EREF//2948408
NL62RABO0387877495
:86:/EREF/24-11-2025 19:36 7020255700059188/TRCD/100/ORDP//NAME
/M. van Dijk eo S. Verspoor/REMI/9098552900 7020255700059188 EH
 xui-76454117/PURP//CD/EPAY/ISDT/2025-11-24
:61:251124C000000000029,50N100EREF//2948409
NL74RABO0150941587
:86:/EREF/24-11-2025 19:37 7020204181969161/TRCD/100/ORDP//NAME
/A.H. Gijsen/REMI/9098556507 7020204181969161 KV xui-13984821
/PURP//CD/EPAY/ISDT/2025-11-24
:61:251124C000000000327,10N100EREF//2948410
NL67RABO0152876863
:86:/EREF/24-11-2025 19:40 7020564808878654/TRCD/100/ORDP//NAME
/Lowinus Land Handel  Afbouw/REMI/9098559194 7020564808878654 HH
 xui-20434067/PURP//CD/EPAY/ISDT/2025-11-24
:61:251124C000000000349,40N100EREF//2948411
NL82RABO0374002061
:86:/EREF/24-11-2025 19:41 7020315384820541/TRCD/100/ORDP//NAME
/S. van den Bergh eo W.W.J.T. Kokke/REMI/9098565025
 7020315384820541 EP xui-40244846/PURP//CD/EPAY/ISDT/2025-11-24
:61:251124C000000000020,00N100EREF//2948412
NL91RABO0307286851
:86:/EREF/24-11-2025 19:45 7020664484819365/TRCD/100/ORDP//NAME
/V. Bilenko/REMI/9098569675 7020664484819365 KV xui-76903532
/PURP//CD/EPAY/ISDT/2025-11-24
:61:251124C000000000390,80N100EREF//2948413
NL81RABO0119789523
:86:/EREF/24-11-2025 19:47 7020665390818048/TRCD/100/ORDP//NAME
/M.G.J. van Rijn eo W.C.A. van Rijn-van Hofwegen/REMI/9098577740
 7020665390818048 LH xui-55989750/PURP//CD/EPAY/ISDT/2025-11-24
:61:251124C000000000305,39N100EREF//2948414
NL31RABO0155421239
:86:/EREF/24-11-2025 19:49 7020035693879269/TRCD/100/ORDP//NAME
/P.E.W.M. van Hassel/REMI/9098577022 7020035693879269 SL xui
-18658089/PURP//CD/EPAY/ISDT/2025-11-24
:61:251124C000000000449,60N100EREF//2948415
NL74RABO0123187753
:86:/EREF/24-11-2025 19:50 7020026902968468/TRCD/100/ORDP//NAME
/B.van Mook/REMI/9098584359 7020026902968468 VN xui-76582852
/PURP//CD/EPAY/ISDT/2025-11-24
:61:251124C000000000496,40N100EREF//2948416
NL50RABO0381978753
:86:/EREF/24-11-2025 19:51 7020566296970739/TRCD/100/ORDP//NAME
/B.F.W. Makaaij eo L. Jansen/REMI/9098583885 7020566296970739 EP
 xui-53811571/PURP//CD/EPAY/ISDT/2025-11-24
:61:251124C000000000054,00N100EREF//2948417
NL86RABO0121659496
:86:/EREF/24-11-2025 19:56 7020806009088861/TRCD/100/ORDP//NAME
/E.J.P. Wagemakers eo M.C. Visser/REMI/9098596877
 7020806009088861 PZ xui-69883012/PURP//CD/EPAY/ISDT/2025-11-24
:61:251124C000000000155,00N100EREF//2948418
NL31RABO0154492949
:86:/EREF/24-11-2025 19:59 7020214202818783/TRCD/100/ORDP//NAME
/A.A.M. van de Ven eo J.M.H. vd Ven-van der Wielen/REMI
/9098598475 7020214202818783 VM xui-77959936/PURP//CD/EPAY/ISDT
/2025-11-24
:61:251124C000000000059,00N100EREF//2948419
NL06RABO0323314236
:86:/EREF/24-11-2025 20:00 7020225081910304/TRCD/100/ORDP//NAME
/B.M.H. Mesker eo J.J. Zandbergen/REMI/9098601802
 7020225081910304 ZV xui-25149718/PURP//CD/EPAY/ISDT/2025-11-24
:61:251124C000000000643,40N100EREF//2948420
NL17RABO0101048335
:86:/EREF/24-11-2025 20:00 7020626903090553/TRCD/100/ORDP//NAME
/G.P. van Noordennen/REMI/9098598421 7020626903090553 HB xui
-62043536/PURP//CD/EPAY/ISDT/2025-11-24
:61:251124C000000000421,60N541EREF//2948421
NL12ABNA0122917677
:86:/EREF/2948421/TRCD/541/ORDP//NAME/KOZIJN EN BOUW DIRECT BV
/REMI/3580399 - C.F.J. Sterk (Kozijn en Bouw Direct B.V.) voor
 Dhr. R. Martilia./ISDT/2025-11-24
:61:251124C000000000317,00N100EREF//2948422
NL91RABO0301427178
:86:/EREF/24-11-2025 20:03 7020575687908684/TRCD/100/ORDP//NAME
/F. van den Nieuwenhuijzen/REMI/9098607675 7020575687908684 KV
 xui-46223810/PURP//CD/EPAY/ISDT/2025-11-24
:61:251124C000000000354,39N100EREF//2948423
NL05RABO0151713979
:86:/EREF/24-11-2025 20:06 7020235384969104/TRCD/100/ORDP//NAME
/E. Simons/REMI/9098617050 7020235384969104 VM xui-73305442/PURP
//CD/EPAY/ISDT/2025-11-24
:61:251124C000000000163,10N541EREF//2948424
NL58ABNA0462284832
:86:/EREF/2948424/TRCD/541/ORDP//NAME/M S G VAN WATERSCHOOT DE
/REMI/Reservering 4053461/ISDT/2025-11-24
:61:251124C000000000439,00N100EREF//2948425
NL90RABO0305850202
:86:/EREF/24-11-2025 20:07 7020624202818834/TRCD/100/ORDP//NAME
/K.P.H. van Dijken eo H.A.J.E. van Dijken- v.d. Werf/REMI
/9098617220 7020624202818834 MD xui-12736080/PURP//CD/EPAY/ISDT
/2025-11-24
:61:251124C000000000321,00N100EREF//2948426
NL59RABO0167902016
:86:/EREF/24-11-2025 20:11 7020136593848663/TRCD/100/ORDP//NAME
/W.A.N.T.M. van Dongen/REMI/9098627388 7020136593848663 MD xui
-72732011/PURP//CD/EPAY/ISDT/2025-11-24
:61:251124C000000000403,28N541EREF//2948427
NL48RABO0101062133
:86:/EREF/OO9B005243579228/PREF/OO9B005243579228/TRCD/541/ORDP/
/NAME/I.A.F. Pieters eo G.J. Pieters/REMI/8208472/ISDT/2025-11-24
:61:251124C000000001837,00N100EREF//2948428
NL06RABO0323314236
:86:/EREF/24-11-2025 20:16 7020396900059407/TRCD/100/ORDP//NAME
/B.M.H. Mesker eo J.J. Zandbergen/REMI/9098635004
 7020396900059407 ZV xui-25149718/PURP//CD/EPAY/ISDT/2025-11-24
:61:251124C000000000038,00N100EREF//2948429
NL38RABO0151901856
:86:/EREF/24-11-2025 20:18 7020654793850799/TRCD/100/ORDP//NAME
/L. Daniels/REMI/9098638289 7020654793850799 ZV xui-68471812
/PURP//CD/EPAY/ISDT/2025-11-24
:61:251124C000000000729,52N541EREF//2948430
NL82INGB0004354717
:86:/EREF/2948430/TRCD/541/ORDP//NAME/Hr JHA van den Berg,ATH
 van den Berg-Petersen/REMI/2415254/ISDT/2025-11-24
:61:251124C000000000978,40N100EREF//2948431
NL98RABO0307869792
:86:/EREF/24-11-2025 20:20 7020515090998534/TRCD/100/ORDP//NAME
/J.C. Lensink-te Dorsthorst eo R. te Dorsthorst/REMI/9098644892
 7020515090998534 HH xui-99929178/PURP//CD/EPAY/ISDT/2025-11-24
:61:251124C000000000527,72N100EREF//2948432
NL40RABO0391867113
:86:/EREF/24-11-2025 20:22 7020484200028399/TRCD/100/ORDP//NAME
/H.J. den Haan eo J. den Haan-Ros/REMI/9098650756
 7020484200028399 EH xui-61491768/PURP//CD/EPAY/ISDT/2025-11-24
:61:251124C000000000442,50N100EREF//2948433
NL57RABO0312233299
:86:/EREF/24-11-2025 20:23 7020675708940490/TRCD/100/ORDP//NAME
/B.E. Sikma/REMI/9098648079 7020675708940490 HH xui-45929032
/PURP//CD/EPAY/ISDT/2025-11-24
:61:251124C000000000179,46N100EREF//2948434
NL79RABO0386955301
:86:/EREF/24-11-2025 20:21 7020065399969710/TRCD/100/ORDP//NAME
/J.J.A. Guitoneau Jr./REMI/9098649650 7020065399969710 EH xui
-43412784/PURP//CD/EPAY/ISDT/2025-11-24
:61:251124C000000000318,00N541EREF//2948435
NL47ABNA0562273794
:86:/EREF/Mr SLOOTEN/TRCD/541/ORDP//NAME/E VAN SLOOTEN/ISDT/2025
-11-24
:61:251124C000000000357,20N100EREF//2948436
NL11RABO0372557457
:86:/EREF/24-11-2025 20:34 7020046894000805/TRCD/100/ORDP//NAME
/J.P. Janssen/REMI/9098675230 7020046894000805 HB xui-35498062
/PURP//CD/EPAY/ISDT/2025-11-24
:61:251124C000000000512,44N100EREF//2948437
NL98RABO0394628047
:86:/EREF/24-11-2025 20:42 7020254208970004/TRCD/100/ORDP//NAME
/J. van der Sluis eo P.M.J. Theelen/REMI/9098689607
 7020254208970004 SL xui-73806322/PURP//CD/EPAY/ISDT/2025-11-24
:61:251124C000000000435,68N100EREF//2948438
NL65RABO0363698736
:86:/EREF/24-11-2025 20:43 7020246905970550/TRCD/100/ORDP//NAME
/J.E. van Citteren eo S. Tibboel/REMI/9098693793
 7020246905970550 HA xui-91040501/PURP//CD/EPAY/ISDT/2025-11-24
:61:251124C000000000023,20N541EREF//2948439
NL29RABO0147491622
:86:/EREF/OO9B005243735475/PREF/OO9B005243735475/TRCD/541/ORDP/
/NAME/C.A.J. Wijers-Ebbers/ISDT/2025-11-24
:61:251124C000000000227,00N100EREF//2948440
NL77RABO0301463611
:86:/EREF/24-11-2025 20:47 7020695105819476/TRCD/100/ORDP//NAME
/M.J. van Lienen/REMI/9098700040 7020695105819476 HB xui
-48365853/PURP//CD/EPAY/ISDT/2025-11-24
:61:251124C000000001116,74N100EREF//2948441
NL46RABO0332254879
:86:/EREF/24-11-2025 20:48 7020314796880577/TRCD/100/ORDP//NAME
/D.A. Maagdelijn/REMI/9098700381 7020314796880577 EH xui
-93657142/PURP//CD/EPAY/ISDT/2025-11-24
:61:251124C000000000420,45N100EREF//2948442
NL90RABO0342634348
:86:/EREF/24-11-2025 20:50 7020515693939065/TRCD/100/ORDP//NAME
/G.J. Bels eo E.J. Penninga/REMI/9098705856 7020515693939065 HE
 xui-44536502/PURP//CD/EPAY/ISDT/2025-11-24
:61:251124C000000000379,60N100EREF//2948443
NL14RABO0321845609
:86:/EREF/24-11-2025 20:52 7020654205850256/TRCD/100/ORDP//NAME
/A.N.Y. Warmerdam eo F.P. Obdam/REMI/9098705197 7020654205850256
 HB xui-76536165/PURP//CD/EPAY/ISDT/2025-11-24
:61:251124C000000000021,00N100EREF//2948444
NL40RABO0160493692
:86:/EREF/24-11-2025 20:53 7020254502819674/TRCD/100/ORDP//NAME
/R.J. Duijs eo C.J. Duijs-Weel/REMI/9098713708 7020254502819674
 HH xui-64597321/PURP//CD/EPAY/ISDT/2025-11-24
:61:251124C000000000822,05N100EREF//2948445
NL76RABO0101260091
:86:/EREF/24-11-2025 20:54 7020775082059098/TRCD/100/ORDP//NAME
/A.A.H.J. Hulsen eo J.T.M. van den Berg/REMI/9098715297
 7020775082059098 VM xui-31374584/PURP//CD/EPAY/ISDT/2025-11-24
:61:251124C000000000010,00N100EREF//2948446
NL23RABO0364300116
:86:/EREF/24-11-2025 20:55 7020925400088324/TRCD/100/ORDP//NAME
/F.J. Dekker eo L. Dekker-Nijhuis/REMI/9098716340
 7020925400088324 HB xui-82247780/PURP//CD/EPAY/ISDT/2025-11-24
:61:251124C000000000809,78N100EREF//2948447
NL39RABO0317780859
:86:/EREF/24-11-2025 20:57 7020395993908789/TRCD/100/ORDP//NAME
/H.Ponstein eo L.Mulder/REMI/9098717940 7020395993908789 HH xui
-25608550/PURP//CD/EPAY/ISDT/2025-11-24
:61:251124C000000000860,40N100EREF//2948448
NL12RABO0138315728
:86:/EREF/24-11-2025 20:59 7020465081849398/TRCD/100/ORDP//NAME
/M.P.J. Willems eo W.J. Jansen/REMI/9098721175 7020465081849398
 ZV xui-74575804/PURP//CD/EPAY/ISDT/2025-11-24
:61:251124C000000000051,80N100EREF//2948449
NL77RABO0131754351
:86:/EREF/24-11-2025 21:01 7020386581999857/TRCD/100/ORDP//NAME
/M.A. van Rutten eo J.A. Toor/REMI/9098728032 7020386581999857
 PZ xui-26898162/PURP//CD/EPAY/ISDT/2025-11-24
:61:251124C000000001476,50N100EREF//2948450
NL06RABO0320707458
:86:/EREF/24-11-2025 21:02 7020435102970790/TRCD/100/ORDP//NAME
/A.S. Wieringa-Hummel eo G.J.C. Wieringa/REMI/9098733410
 7020435102970790 LH xui-55331216/PURP//CD/EPAY/ISDT/2025-11-24
:61:251124C000000000421,36N100EREF//2948451
NL24RABO0301520534
:86:/EREF/24-11-2025 21:03 7020434781970487/TRCD/100/ORDP//NAME
/R. van der Meijden/REMI/9098731530 7020434781970487 EH xui
-11024515/PURP//CD/EPAY/ISDT/2025-11-24
:61:251124C000000000339,96N100EREF//2948452
NL62RABO0179107984
:86:/EREF/24-11-2025 21:05 7020535999910196/TRCD/100/ORDP//NAME
/D.A. Tijhuis/REMI/9098736076 7020535999910196 EH xui-94712544
/PURP//CD/EPAY/ISDT/2025-11-24
:61:251124C000000000719,16N100EREF//2948453
NL27RABO0316117137
:86:/EREF/24-11-2025 21:07 7020446303058714/TRCD/100/ORDP//NAME
/A.J. Leeflang eo J.H. Leeflang-Bosch/REMI/9098739483
 7020446303058714 HH xui-66508747/PURP//CD/EPAY/ISDT/2025-11-24
:61:251124C000000001296,60N100EREF//2948454
NL05RABO0127951695
:86:/EREF/24-11-2025 21:08 7020074193849065/TRCD/100/ORDP//NAME
/S.L.T. de Backer - van Gemert eo R.W.H.M. de Backer/REMI
/9098738721 7020074193849065 HH xui-16607461/PURP//CD/EPAY/ISDT
/2025-11-24
:61:251124C000000000681,50N541EREF//2948455
NL97RABO0307441652
:86:/EREF/OO9B005243878796/PREF/OO9B005243878796/TRCD/541/ORDP/
/NAME/P. Docter eo R.J.E. Stigt/REMI/6318055/ISDT/2025-11-24
:61:251124C000000000078,32N100EREF//2948456
NL33RABO0106011537
:86:/EREF/24-11-2025 21:18 7020254506030151/TRCD/100/ORDP//NAME
/C.H.L. van Dosselaar eo J.M.P. van Dosselaar-Janssen/REMI
/9098762047 7020254506030151 VM xui-34477100/PURP//CD/EPAY/ISDT
/2025-11-24
:61:251124C000000001286,84N100EREF//2948457
NL22RABO0197760058
:86:/EREF/24-11-2025 21:21 7020295109059164/TRCD/100/ORDP//NAME
/D. Derksen eo R.J.R. Coonen/REMI/9098770275 7020295109059164 EH
 xui-74293179/PURP//CD/EPAY/ISDT/2025-11-24
:61:251124C000000000645,11N100EREF//2948458
NL64RABO0184588545
:86:/EREF/24-11-2025 21:25 7020256903060085/TRCD/100/ORDP//NAME
/A.M.C. Schreurs/REMI/9098777847 7020256903060085 VM xui
-78362280/PURP//CD/EPAY/ISDT/2025-11-24
:61:251124C000000001668,60N100EREF//2948459
NL52RABO0157359018
:86:/EREF/24-11-2025 21:32 7020616299879548/TRCD/100/ORDP//NAME
/R. Strauss/REMI/9098791113 7020616299879548 HE xui-15092196
/PURP//CD/EPAY/ISDT/2025-11-24
:61:251124C000000000665,88N100EREF//2948460
NL52RABO0304973424
:86:/EREF/24-11-2025 21:32 7020225390878192/TRCD/100/ORDP//NAME
/M.W.H. van den Berg/REMI/9098793227 7020225390878192 PZ xui
-44572090/PURP//CD/EPAY/ISDT/2025-11-24
:61:251124C000000001300,36N100EREF//2948461
NL85RABO0137379528
:86:/EREF/24-11-2025 21:32 7020415087940118/TRCD/100/ORDP//NAME
/S. Pijnenburg/REMI/9098790222 7020415087940118 AR xui-98964612
/PURP//CD/EPAY/ISDT/2025-11-24
:61:251124C000000001667,40N100EREF//2948462
NL06RABO0109753798
:86:/EREF/24-11-2025 21:35 7020354482058456/TRCD/100/ORDP//NAME
/I. Stad/REMI/9098796179 7020354482058456 HH xui-27820408/PURP/
/CD/EPAY/ISDT/2025-11-24
:61:251124C000000000472,98N100EREF//2948463
NL09RABO0309033357
:86:/EREF/24-11-2025 21:38 7020396006089062/TRCD/100/ORDP//NAME
/B.T. de Boer/REMI/9098805784 7020396006089062 HH xui-50963723
/PURP//CD/EPAY/ISDT/2025-11-24
:61:251124C000000000416,86N100EREF//2948464
NL19RABO0144597322
:86:/EREF/24-11-2025 21:39 7020356885059350/TRCD/100/ORDP//NAME
/L.R. van Biljouw eo M.E. van den Broek/REMI/9098802854
 7020356885059350 VM xui-75746853/PURP//CD/EPAY/ISDT/2025-11-24
:61:251124C000000000834,96N100EREF//2948465
NL98RABO0184134846
:86:/EREF/24-11-2025 21:42 7020414797058054/TRCD/100/ORDP//NAME
/J. de Quillettes/REMI/9098807800 7020414797058054 AG xui
-63809322/PURP//CD/EPAY/ISDT/2025-11-24
:61:251124C000000000585,80N100EREF//2948466
NL54RABO0317973037
:86:/EREF/24-11-2025 21:45 7020226308909689/TRCD/100/ORDP//NAME
/E.G. van Leeuwen/REMI/9098821556 7020226308909689 HB xui
-83319829/PURP//CD/EPAY/ISDT/2025-11-24
:61:251124C000000000205,00N100EREF//2948467
NL75RABO0146913256
:86:/EREF/24-11-2025 21:45 7020425084818588/TRCD/100/ORDP//NAME
/E. Zoon/REMI/9098817180 7020425084818588 ZV xui-70882920/PURP/
/CD/EPAY/ISDT/2025-11-24
:61:251124C000000000342,32N100EREF//2948468
NL54RABO0111193966
:86:/EREF/24-11-2025 21:46 7020945103028762/TRCD/100/ORDP//NAME
/H.N. Jansen eo A.H.A.M. Jansen-Wanders/REMI/9098819466
 7020945103028762 EH xui-99821737/PURP//CD/EPAY/ISDT/2025-11-24
:61:251124C000000000057,00N100EREF//2948469
NL77RABO0300269153
:86:/EREF/24-11-2025 21:47 7020065384968573/TRCD/100/ORDP//NAME
/W.J. Luiten eo W.A.E. Luiten-Lohuis/REMI/9098821414
 7020065384968573 HB xui-54724007/PURP//CD/EPAY/ISDT/2025-11-24
:61:251124C000000000406,90N100EREF//2948470
NL78RABO0132387743
:86:/EREF/24-11-2025 21:54 7020626287969608/TRCD/100/ORDP//NAME
/L. Meerdink/REMI/9098837403 7020626287969608 HB xui-18632142
/PURP//CD/EPAY/ISDT/2025-11-24
:61:251124C000000000431,74N100EREF//2948471
NL49RABO0328546224
:86:/EREF/24-11-2025 21:55 7020216587818621/TRCD/100/ORDP//NAME
/R.H.J. Kelder eo K. Kelder-Flantua/REMI/9098838360
 7020216587818621 BT xui-15822101/PURP//CD/EPAY/ISDT/2025-11-24
:61:251124C000000000392,00N100EREF//2948472
NL53RABO0341373044
:86:/EREF/24-11-2025 22:03 7020165108818003/TRCD/100/ORDP//NAME
/B.N.L. Kurvers/REMI/9098852309 7020165108818003 MD xui-92176909
/PURP//CD/EPAY/ISDT/2025-11-24
:61:251124C000000000092,00N100EREF//2948473
NL50RABO0142232777
:86:/EREF/24-11-2025 22:04 7020536596939209/TRCD/100/ORDP//NAME
/R.P.M. Zwinkels/REMI/9098857735 7020536596939209 EH xui
-10273510/PURP//CD/EPAY/ISDT/2025-11-24
:61:251124C000000000528,32N100EREF//2948474
NL29RABO0343068648
:86:/EREF/24-11-2025 22:07 7020305700059401/TRCD/100/ORDP//NAME
/J. Friemann/REMI/9098861923 7020305700059401 VM xui-77499664
/PURP//CD/EPAY/ISDT/2025-11-24
:61:251124C000000001089,30N100EREF//2948475
NL63RABO0114591520
:86:/EREF/24-11-2025 22:08 7020945981970445/TRCD/100/ORDP//NAME
/J.J. Kloeze/REMI/9098865836 7020945981970445 HH xui-99788754
/PURP//CD/EPAY/ISDT/2025-11-24
:61:251124C000000000281,10N100EREF//2948476
NL91RABO0132590433
:86:/EREF/24-11-2025 22:08 7020386299910154/TRCD/100/ORDP//NAME
/G. Gorree eo A.J.M. Gorree-Theeuwen/REMI/9098863384
 7020386299910154 HB xui-87019127/PURP//CD/EPAY/ISDT/2025-11-24
:61:251124C000000000138,00N100EREF//2948477
NL68RABO0123969875
:86:/EREF/24-11-2025 22:12 7020445708940676/TRCD/100/ORDP//NAME
/K.A.J. van den Reek-Coppens eo J.A.A.P. van den Reek/REMI
/9098873960 7020445708940676 PZ xui-87868414/PURP//CD/EPAY/ISDT
/2025-11-24
:61:251124C000000000596,64N100EREF//2948478
NL66RABO0184816653
:86:/EREF/24-11-2025 22:16 7020586305969956/TRCD/100/ORDP//NAME
/J.A.J van Laarhoven eo M.C.A. Snijders/REMI/9098881042
 7020586305969956 VM xui-51918897/PURP//CD/EPAY/ISDT/2025-11-24
:61:251124C000000000622,00N100EREF//2948479
NL27RABO0337836019
:86:/EREF/24-11-2025 22:17 7020744781908624/TRCD/100/ORDP//NAME
/S.R.R. Bieze/REMI/9098881839 7020744781908624 HB xui-39902924
/PURP//CD/EPAY/ISDT/2025-11-24
:61:251124C000000000052,00N541EREF//2948480
NL72RABO0374181594
:86:/EREF/OO9B005244122716/PREF/OO9B005244122716/TRCD/541/ORDP/
/NAME/R. Nijssen/ISDT/2025-11-24
:61:251124C000000000615,26N100EREF//2948481
NL63RABO0332022161
:86:/EREF/24-11-2025 22:25 7020625706089347/TRCD/100/ORDP//NAME
/P. van der Linden eo S. Notenboom/REMI/9098898936
 7020625706089347 PZ xui-53654876/PURP//CD/EPAY/ISDT/2025-11-24
:61:251124C000000000534,56N100EREF//2948482
NL27RABO0304378585
:86:/EREF/24-11-2025 22:26 7020454199818057/TRCD/100/ORDP//NAME
/R. Nobels/REMI/9098897814 7020454199818057 VM xui-50699853/PURP
//CD/EPAY/ISDT/2025-11-24
:61:251124C000000000032,00N100EREF//2948483
NL37RABO0340763493
:86:/EREF/24-11-2025 22:28 7020574481970952/TRCD/100/ORDP//NAME
/P. Teske eo L.M. van Mourik/REMI/9098902530 7020574481970952 VM
 xui-34330290/PURP//CD/EPAY/ISDT/2025-11-24
:61:251124C000000000331,60N100EREF//2948484
NL25RABO0383664578
:86:/EREF/24-11-2025 22:31 7020796609088171/TRCD/100/ORDP//NAME
/R.W. Klauwers/REMI/9098907322 7020796609088171 MD xui-28734657
/PURP//CD/EPAY/ISDT/2025-11-24
:61:251124C000000000135,00N100EREF//2948485
NL66RABO0111162904
:86:/EREF/24-11-2025 22:35 7020514199968699/TRCD/100/ORDP//NAME
/A.G.A. Berendsen/REMI/9098913953 7020514199968699 MD xui
-29751381/PURP//CD/EPAY/ISDT/2025-11-24
:61:251124C000000000028,50N100EREF//2948486
NL92RABO0114269734
:86:/EREF/24-11-2025 22:41 7020576902909131/TRCD/100/ORDP//NAME
/W.J. Ploeg eo I. Ploeg-de Vries/REMI/9098927304
 7020576902909131 HH xui-80811995/PURP//CD/EPAY/ISDT/2025-11-24
:61:251124C000000000465,35N100EREF//2948487
NL23RABO0314911693
:86:/EREF/24-11-2025 22:46 7020294788028930/TRCD/100/ORDP//NAME
/H. Eydir/REMI/9098937480 7020294788028930 SL xui-89822268/PURP/
/CD/EPAY/ISDT/2025-11-24
:61:251124C000000000045,00N100EREF//2948488
NL10RABO0155182609
:86:/EREF/24-11-2025 22:56 7020606899970394/TRCD/100/ORDP//NAME
/S.C.A.J. Driessen/REMI/9098951151 7020606899970394 KM xui
-76315292/PURP//CD/EPAY/ISDT/2025-11-24
:61:251124C000000000910,35N100EREF//2948489
NL39RABO0198542445
:86:/EREF/24-11-2025 22:58 7020196897000781/TRCD/100/ORDP//NAME
/A. Ivanov/REMI/9098952558 7020196897000781 MD xui-46749784/PURP
//CD/EPAY/ISDT/2025-11-24
:61:251124C000000001549,40N100EREF//2948490
NL52RABO0361482035
:86:/EREF/24-11-2025 23:01 7020885697028096/TRCD/100/ORDP//NAME
/O. Lusta/REMI/9098958270 7020885697028096 KV xui-13847080/PURP/
/CD/EPAY/ISDT/2025-11-24
:61:251124C000000000691,90N100EREF//2948491
NL72RABO0130795305
:86:/EREF/24-11-2025 23:05 7020016596908666/TRCD/100/ORDP//NAME
/C.A.W. van de Vorst/REMI/9098964131 7020016596908666 HH xui
-44791607/PURP//CD/EPAY/ISDT/2025-11-24
:61:251124C000000000059,00N100EREF//2948492
NL48RABO0179533290
:86:/EREF/24-11-2025 23:18 7020126902999296/TRCD/100/ORDP//NAME
/T.A.J. Stevens/REMI/9098990542 7020126902999296 KV xui-88847734
/PURP//CD/EPAY/ISDT/2025-11-24
:61:251124C000000000464,00N100EREF//2948493
NL61RABO0335365108
:86:/EREF/24-11-2025 23:18 7020135390908726/TRCD/100/ORDP//NAME
/F.B. van Kuijk eo D.W. de Winkel/REMI/9098988614
 7020135390908726 KV xui-12432901/PURP//CD/EPAY/ISDT/2025-11-24
:61:251124C000000000160,32N100EREF//2948494
NL70RABO0339385111
:86:/EREF/24-11-2025 23:22 7020544788060028/TRCD/100/ORDP//NAME
/BZservices/REMI/9098995618 7020544788060028 PZ xui-18751195
/PURP//CD/EPAY/ISDT/2025-11-24
:61:251124C000000000406,30N100EREF//2948495
NL95RABO0134092406
:86:/EREF/24-11-2025 23:32 7020806002850448/TRCD/100/ORDP//NAME
/J. Kikstra/REMI/9099003629 7020806002850448 HH xui-95527321
/PURP//CD/EPAY/ISDT/2025-11-24
:61:251124C000000000051,00N100EREF//2948496
NL96RABO0309353637
:86:/EREF/24-11-2025 23:48 7020246902849470/TRCD/100/ORDP//NAME
/A.A.D. Roelofsen/REMI/9099034078 7020246902849470 LH xui
-91123189/PURP//CD/EPAY/ISDT/2025-11-24
:61:251124C000000000334,40N100EREF//2948497
NL18RABO0346798108
:86:/EREF/24-11-2025 23:48 7020806605820064/TRCD/100/ORDP//NAME
/W.J. Wesselius eo P Wesselius-Valenzuela Munni/REMI/9099034966
 7020806605820064 KV xui-10925492/PURP//CD/EPAY/ISDT/2025-11-24
:61:251124C000000000327,10N100EREF//2948498
NL79RABO0303553731
:86:/EREF/24-11-2025 23:50 7020016594089992/TRCD/100/ORDP//NAME
/N. Gaasbeek/REMI/9099034637 7020016594089992 HH xui-39832291
/PURP//CD/EPAY/ISDT/2025-11-24
:62F:C251124EUR000000073991,42
:64:C251124EUR000000073991,42
:65:C251125EUR000000073991,42
:65:C251126EUR000000073991,42
:65:C251127EUR000000073991,42
:65:C251128EUR000000073991,42
