:940:
:20:940S251106
:25:NL48RABO0300002343 EUR
:28C:25310
:60F:C251105EUR000000067869,59
:61:251106C000000000539,10N100EREF//2937383
NL51RABO0305975161
:86:/EREF/06-11-2025 00:21 7020544209597754/TRCD/100/ORDP//NAME
/C.J. van de Velde eo T.E.P. van Beekveld/REMI/9056268139
 7020544209597754 KV xui-58537992/PURP//CD/EPAY/ISDT/2025-11-06
:61:251106C000000001676,30N541EREF//2937384
NL89RABO0307506398
:86:/EREF/OO9B004380937875/PREF/OO9B004380937875/TRCD/541/ORDP/
/NAME/T.J. Verweij eo C. Verweij-Timmerman/REMI/5689053/ISDT
/2025-11-06
:61:251106C000000000652,75N541EREF//2937385
NL79RABO0375372628
:86:/EREF/OO9B004527384261/PREF/OO9B004527384261/TRCD/541/ORDP/
/NAME/J.J.T. Zandbergen eo L. Dool/REMI/reserveringsnummer
 6870279/ISDT/2025-11-06
:61:251106C000000001220,70N541EREF//2937386
NL70RABO0145583864
:86:/EREF/OO9B005057893676/PREF/OO9B005057893676/TRCD/541/ORDP/
/NAME/R. Roeleveld eo A.H. van Hattem/REMI/2897576
 Reserveringsnummer/ISDT/2025-11-06
:61:251106C000000000709,38N541EREF//2937387
NL05RABO0125293216
:86:/EREF/OO9B005175625793/PREF/OO9B005175625793/TRCD/541/ORDP/
/NAME/J.A.H. Vranken eo M.L.M. Vranken-Meessen/REMI
/Reserveringsnr. 2391281/ISDT/2025-11-06
:61:251106C000000000100,00N541EREF//2937388
NL65ABNA0524270228
:86:/EREF/2937388/TRCD/541/ORDP//NAME/RBA BROSIUS CJ/REMI
/7096918/ISDT/2025-11-06
:61:251106C000000000625,96N100EREF//2937389
NL05RABO0168928957
:86:/EREF/06-11-2025 05:41 7020504191414712/TRCD/100/ORDP//NAME
/E.A.G.M. Robben eo J.H.T. Robben-Adams/REMI/9056456055
 7020504191414712 SL xui-86465739/PURP//CD/EPAY/ISDT/2025-11-06
:61:251106C000000000705,12N100EREF//2937390
NL10RABO0142441562
:86:/EREF/06-11-2025 05:57 7020214806473017/TRCD/100/ORDP//NAME
/J.J. Janssen/REMI/9056470435 7020214806473017 PZ xui-23213088
/PURP//CD/EPAY/ISDT/2025-11-06
:61:251106C000000000209,10N100EREF//2937391
NL71RABO0371874467
:86:/EREF/06-11-2025 06:21 7020195403652885/TRCD/100/ORDP//NAME
/S.N. Post/REMI/9056475867 7020195403652885 HH xui-59524953/PURP
//CD/EPAY/ISDT/2025-11-06
:61:251106C000000000535,92N100EREF//2937392
NL60RABO0326320458
:86:/EREF/06-11-2025 06:30 7020685391562345/TRCD/100/ORDP//NAME
/K. Bijl eo J.K. Keller/REMI/9056490101 7020685391562345 EP xui
-10164345/PURP//CD/EPAY/ISDT/2025-11-06
:61:251106C000000001896,96N100EREF//2937393
NL29RABO0327071893
:86:/EREF/06-11-2025 06:33 7020735097654292/TRCD/100/ORDP//NAME
/E. de Nijs eo R. Elbers/REMI/9056488777 7020735097654292 BT xui
-39157441/PURP//CD/EPAY/ISDT/2025-11-06
:61:251106C000000000575,73N100EREF//2937394
NL65RABO0125465378
:86:/EREF/06-11-2025 06:34 7020185106623347/TRCD/100/ORDP//NAME
/R.M.A. Arts eo L.G.P.M. Arts-Muijsers/REMI/9056499333
 7020185106623347 EH xui-26999729/PURP//CD/EPAY/ISDT/2025-11-06
:61:251106C000000000248,00N100EREF//2937395
NL24RABO0394095782
:86:/EREF/06-11-2025 06:55 7020614800413839/TRCD/100/ORDP//NAME
/A. Ijsseldijk-Vos eo R. Ijsseldijk/REMI/9056512191
 7020614800413839 HB xui-44652756/PURP//CD/EPAY/ISDT/2025-11-06
:61:251106C000000000009,90N541EREF//2937396
NL14RABO0328733482
:86:/EREF/OO9B005180129930/PREF/OO9B005180129930/TRCD/541/ORDP/
/NAME/T.P.J.M. van Gompel eo S. Wouters/REMI/9038819/ISDT/2025
-11-06
:61:251106C000000000167,85N100EREF//2937397
NL81RABO0350537682
:86:/EREF/06-11-2025 08:01 7020594797652732/TRCD/100/ORDP//NAME
/S. Kan/REMI/9056600989 7020594797652732 EH xui-14549683/PURP/
/CD/EPAY/ISDT/2025-11-06
:61:251106C000000000190,00N541EREF//2937398
NL83INGB0388724668
:86:/EREF/2937398/TRCD/541/ORDP//NAME/Mw SK Mutuku/REMI/:
 Vakantie centerparcs  deels betalings Ref. 05651602/ISDT/2025
-11-06
:61:251106C000000000202,51N100EREF//2937399
NL23RABO0139585745
:86:/EREF/06-11-2025 08:07 7020524197534673/TRCD/100/ORDP//NAME
/W.P.S. Kuppens/REMI/9056602454 7020524197534673 HA xui-28485440
/PURP//CD/EPAY/ISDT/2025-11-06
:61:251106C000000000656,64N100EREF//2937400
NL16RABO0308175654
:86:/EREF/06-11-2025 08:13 7020984494532450/TRCD/100/ORDP//NAME
/C.J.J. Beltman/REMI/9056619044 7020984494532450 HH xui-49881608
/PURP//CD/EPAY/ISDT/2025-11-06
:61:251106C000000000200,00N100EREF//2937401
NL79RABO0310228107
:86:/EREF/06-11-2025 08:18 7020334191684856/TRCD/100/ORDP//NAME
/M.I. Kromkamp-Spijker/REMI/9056632654 7020334191684856 HH xui
-98274371/PURP//CD/EPAY/ISDT/2025-11-06
:61:251106C000000000630,56N541EREF//2937402
NL38INGB0664929389
:86:/EREF/2937402/TRCD/541/ORDP//NAME/Mw S S M Aalders en/of Hr
 M Hoegee/REMI/reserverings.nr.  9029098 Fam.Hoegee/ISDT/2025-11
-06
:61:251106C000000001452,30N100EREF//2937403
NL88RABO0386823219
:86:/EREF/06-11-2025 08:25 7020866603504238/TRCD/100/ORDP//NAME
/S. Scholte eo E. Scholte-Klok/REMI/9056644745 7020866603504238
 SR xui-85150178/PURP//CD/EPAY/ISDT/2025-11-06
:61:251106C000000000050,00N541EREF//2937404
NL44ABNA0575353619
:86:/EREF/2937404/TRCD/541/ORDP//NAME/FJ PINKHAUS DE GRAAFF/REMI
/6414617/ISDT/2025-11-06
:61:251106C000000001367,09N100EREF//2937405
NL17RABO0333080580
:86:/EREF/06-11-2025 08:33 7020895091533221/TRCD/100/ORDP//NAME
/J.J.W.M. Kohlen/REMI/9056661071 7020895091533221 SL xui
-99336193/PURP//CD/EPAY/ISDT/2025-11-06
:61:251106C000000000042,00N100EREF//2937406
NL17RABO0333080580
:86:/EREF/06-11-2025 08:35 7020386303413911/TRCD/100/ORDP//NAME
/J.J.W.M. Kohlen/REMI/9056664644 7020386303413911 SL xui
-99336193/PURP//CD/EPAY/ISDT/2025-11-06
:61:251106C000000000179,65N100EREF//2937407
NL35INGB0631703160
:86:/EREF/06-11-2025 05:37 7020165700593152/TRCD/100/ORDP//NAME
/Mw AG van Soelen-Hilte/REMI/9056461934 7020165700593152 EH/PURP
//CD/EPAY/ISDT/2025-11-06
:61:251106C000000000182,00N100EREF//2937408
NL17ABNA0517493799
:86:/EREF/05-11-2025 18:23 7020544503417778/TRCD/100/ORDP//NAME
/M VAN DER KROGT CJ/REMI/9055629317 7020544503417778 HH/PURP//CD
/EPAY/ISDT/2025-11-06
:61:251106C000000000598,25N100EREF//2937409
NL92INGB0004439703
:86:/EREF/05-11-2025 19:09 7020985403476242/TRCD/100/ORDP//NAME
/Mw N van Zomeren-Gerritsen, Hr JGM van Zomeren/REMI/9055735536
 7020985403476242 SL/PURP//CD/EPAY/ISDT/2025-11-06
:61:251106C000000000087,00N100EREF//2937410
NL43INGB0105866598
:86:/EREF/05-11-2025 17:02 7020375409566539/TRCD/100/ORDP//NAME
/Mw M Smirnova,Hr RF Cunha Fernandes/REMI/9055438589
 7020375409566539 KV/PURP//CD/EPAY/ISDT/2025-11-06
:61:251106C000000000378,80N100EREF//2937411
NL93ABNA0587662425
:86:/EREF/05-11-2025 15:57 7020675100657064/TRCD/100/ORDP//NAME
/N EKKERMAN CJ/REMI/9055274198 7020675100657064 HH/PURP//CD/EPAY
/ISDT/2025-11-06
:61:251106C000000000397,20N100EREF//2937412
NL35SNSB0937528099
:86:/EREF/2025-11-05T16:51 7020854794416104/TRCD/100/ORDP//NAME
/M.P. Wijngaards/REMI/9055410806 7020854794416104 KV/PURP//CD
/EPAY/ISDT/2025-11-06
:61:251106C000000000570,40N100EREF//2937413
NL78RBRB8848601014
:86:/EREF/2025-11-05T19:27 7020555106445435/TRCD/100/ORDP//NAME
/J.R. Visser e/o D. Wieringa/REMI/9055774518 7020555106445435 LH
/PURP//CD/EPAY/ISDT/2025-11-06
:61:251106C000000000013,10N100EREF//2937414
NL10INGB0004875157
:86:/EREF/06-11-2025 06:49 7020556306562165/TRCD/100/ORDP//NAME
/Mw D E Jansen/REMI/9056508909 7020556306562165 HH/PURP//CD/EPAY
/ISDT/2025-11-06
:61:251106C000000001606,56N541EREF//2937415
NL95INGB0670518085
:86:/EREF/2937415/TRCD/541/ORDP//NAME/Hr MA van Meurs,Mw ETP
 Kempenaar/REMI/Reserveringnr 2357333/ISDT/2025-11-06
:61:251106C000000000434,40N100EREF//2937416
NL41ABNA0470444002
:86:/EREF/05-11-2025 19:37 7020146906505861/TRCD/100/ORDP//NAME
/NAM DE MUL/REMI/9055793864 7020146906505861 MD/PURP//CD/EPAY
/ISDT/2025-11-06
:61:251106C000000000058,00N100EREF//2937417
NL94ABNA0420538585
:86:/EREF/05-11-2025 16:02 7020376309535165/TRCD/100/ORDP//NAME
/J DE RUITER CJ/REMI/9055288167 7020376309535165 HH/PURP//CD
/EPAY/ISDT/2025-11-06
:61:251106C000000000007,00N100EREF//2937418
NL36INGB0626706769
:86:/EREF/05-11-2025 21:04 7020125982686278/TRCD/100/ORDP//NAME
/Mw H Albers,Hr K Bos/REMI/9055961153 7020125982686278 EH/PURP/
/CD/EPAY/ISDT/2025-11-06
:61:251106C000000000790,50N100EREF//2937419
NL90INGB0008878168
:86:/EREF/05-11-2025 15:41 7020385694595513/TRCD/100/ORDP//NAME
/DSCJE Arts-van Roosmalen/REMI/9055228294 7020385694595513 HB
/PURP//CD/EPAY/ISDT/2025-11-06
:61:251106C000000000847,30N100EREF//2937420
NL80ABNA0863579159
:86:/EREF/05-11-2025 20:54 7020486906625399/TRCD/100/ORDP//NAME
/DEKKER BREEVAART M CJ/REMI/9055933878 7020486906625399 KV/PURP/
/CD/EPAY/ISDT/2025-11-06
:61:251106C000000000484,20N100EREF//2937421
NL18ABNA0806057432
:86:/EREF/05-11-2025 16:10 7020826900416563/TRCD/100/ORDP//NAME
/ANKER W J E CJ/REMI/9055303020 7020826900416563 MD/PURP//CD
/EPAY/ISDT/2025-11-06
:61:251106C000000001027,35N100EREF//2937422
NL77ABNA0881998834
:86:/EREF/05-11-2025 19:48 7020246909625660/TRCD/100/ORDP//NAME
/TANDARTS B SCHATLO/REMI/9055819483 7020246909625660 SR/PURP//CD
/EPAY/ISDT/2025-11-06
:61:251106C000000000530,40N100EREF//2937423
NL20ABNA0483454699
:86:/EREF/05-11-2025 15:33 7020464485446767/TRCD/100/ORDP//NAME
/BRITT DUMEE/REMI/9055213585 7020464485446767 KV/PURP//CD/EPAY
/ISDT/2025-11-06
:61:251106C000000000300,72N100EREF//2937424
NL53SNSB0910995559
:86:/EREF/2025-11-05T19:59 7020366882476920/TRCD/100/ORDP//NAME
/T. de Vries e/o J. de Vries-Kranenburg/REMI/9055838065
 7020366882476920 HH/PURP//CD/EPAY/ISDT/2025-11-06
:61:251106C000000000459,60N100EREF//2937425
NL95ABNA0561236194
:86:/EREF/05-11-2025 16:43 7020556891656848/TRCD/100/ORDP//NAME
/M DIJKSMA CJ/REMI/9055383109 7020556891656848 VN/PURP//CD/EPAY
/ISDT/2025-11-06
:61:251106C000000000696,85N100EREF//2937426
NL94SNSB0957306792
:86:/EREF/2025-11-05T19:57 7020806903475558/TRCD/100/ORDP//NAME
/D.J. van Sluis/REMI/9055829201 7020806903475558 AG/PURP//CD
/EPAY/ISDT/2025-11-06
:61:251106C000000000547,39N100EREF//2937427
NL84ABNA0491957246
:86:/EREF/05-11-2025 17:23 7020915094537373/TRCD/100/ORDP//NAME
/RAFAELA M COSTER/REMI/9055489739 7020915094537373 EH/PURP//CD
/EPAY/ISDT/2025-11-06
:61:251106C000000000015,00N100EREF//2937428
NL11SNSB8847448239
:86:/EREF/2025-11-05T18:10 7020535709506830/TRCD/100/ORDP//NAME
/R.I.M.G. van Sebille e/o E.J.E.M. van Sebille-Dunning/REMI
/9055599770 7020535709506830 MD/PURP//CD/EPAY/ISDT/2025-11-06
:61:251106C000000000051,00N100EREF//2937429
NL16ABNA0452071682
:86:/EREF/05-11-2025 19:09 7020064200445156/TRCD/100/ORDP//NAME
/J VAN DER VEEN/REMI/9055736439 7020064200445156 HH/PURP//CD
/EPAY/ISDT/2025-11-06
:61:251106C000000000121,85N100EREF//2937430
NL60ABNA0973319402
:86:/EREF/05-11-2025 19:51 7020595997445234/TRCD/100/ORDP//NAME
/FEBER M S LE/REMI/9055824103 7020595997445234 SL/PURP//CD/EPAY
/ISDT/2025-11-06
:61:251106C000000000570,65N100EREF//2937431
NL77ABNA0476220092
:86:/EREF/05-11-2025 19:29 7020086903476230/TRCD/100/ORDP//NAME
/S MOHNEN/REMI/9055782684 7020086903476230 MD/PURP//CD/EPAY/ISDT
/2025-11-06
:61:251106C000000001108,78N100EREF//2937432
NL82ASNB0777401142
:86:/EREF/2025-11-05T18:45 7020316303505486/TRCD/100/ORDP//NAME
/J. Hengsdijk e/o J. Hengsdijk-Bronsveld/REMI/9055673945
 7020316303505486 SL/PURP//CD/EPAY/ISDT/2025-11-06
:61:251106C000000000175,08N100EREF//2937433
NL78ABNA0614625785
:86:/EREF/05-11-2025 20:14 7020025706567280/TRCD/100/ORDP//NAME
/BALTUS N L/REMI/9055862807 7020025706567280 EH/PURP//CD/EPAY
/ISDT/2025-11-06
:61:251106C000000000397,24N100EREF//2937434
NL13RBRB0948370351
:86:/EREF/2025-11-05T15:36 7020744797476257/TRCD/100/ORDP//NAME
/S. Mentzij/REMI/9055214178 7020744797476257 VM/PURP//CD/EPAY
/ISDT/2025-11-06
:61:251106C000000000335,24N100EREF//2937435
NL29SNSB0772850046
:86:/EREF/2025-11-05T14:06 7020004203627829/TRCD/100/ORDP//NAME
/M. Meulen e/o W.A.E. Maessen/REMI/9054991297 7020004203627829
 OD/PURP//CD/EPAY/ISDT/2025-11-06
:61:251106C000000000977,60N100EREF//2937436
NL19ABNA0607838884
:86:/EREF/05-11-2025 17:51 7020476600417388/TRCD/100/ORDP//NAME
/NH VAN DER GRAGT/REMI/9055557046 7020476600417388 MD/PURP//CD
/EPAY/ISDT/2025-11-06
:61:251106C000000000038,25N100EREF//2937437
NL44SNSB0909370001
:86:/EREF/2025-11-05T20:05 7020575691596242/TRCD/100/ORDP//NAME
/J. Franken e/o M. Franken-Foppen/REMI/9055848885
 7020575691596242 SL/PURP//CD/EPAY/ISDT/2025-11-06
:61:251106C000000001012,73N100EREF//2937438
NL93ABNA0105069868
:86:/EREF/05-11-2025 17:47 7020884503657181/TRCD/100/ORDP//NAME
/Y KOK CJ/REMI/9055549432 7020884503657181 EH/PURP//CD/EPAY/ISDT
/2025-11-06
:61:251106C000000000275,31N541EREF//2937439
BE39210096870619
:86:/EREF/202511030137730/TRCD/541/ORDP//NAME/WORLDLINE/REMI/R:6
-81993293/981  AFG:VI VAN 03/11 TOT 03/11        
 BRT:0000276,68EUR C:00001,37/PURP//CD/CCRD/ISDT/2025-11-06
:61:251106C000000000513,16N100EREF//2937440
NL59ABNA0601160878
:86:/EREF/05-11-2025 16:47 7020216897657907/TRCD/100/ORDP//NAME
/SEAM GROEN/REMI/9055396452 7020216897657907 EH/PURP//CD/EPAY
/ISDT/2025-11-06
:61:251106C000000001270,26N541EREF//2937441
NL52INGB0002056648
:86:/EREF/2937441/TRCD/541/ORDP//NAME/Hr AC van de Baan, H van
 de Baan-van Overbeek/REMI/Reserveringsnr. 4250687/ISDT/2025-11
-06
:61:251106C000000000538,35N100EREF//2937442
NL07INGB0003388298
:86:/EREF/05-11-2025 19:33 7020326582505459/TRCD/100/ORDP//NAME
/Hr ALJ Postmus, Mw CEM Postmus-van Gils/REMI/9055790501
 7020326582505459 AG/PURP//CD/EPAY/ISDT/2025-11-06
:61:251106C000000000592,64N100EREF//2937443
NL56ABNA0610283782
:86:/EREF/05-11-2025 17:23 7020075682537493/TRCD/100/ORDP//NAME
/AS BERGSTRA CJ/REMI/9055485316 7020075682537493 ZV/PURP//CD
/EPAY/ISDT/2025-11-06
:61:251106C000000000371,39N100EREF//2937444
NL27RBRB0930228383
:86:/EREF/2025-11-05T20:19 7020374806535858/TRCD/100/ORDP//NAME
/P.A.J. van Putten e/o M. van Putten-Kooiman/REMI/9055869099
 7020374806535858 EH/PURP//CD/EPAY/ISDT/2025-11-06
:61:251106C000000000715,65N100EREF//2937445
NL52INGB0660404281
:86:/EREF/05-11-2025 20:56 7020736885596650/TRCD/100/ORDP//NAME
/Mw ACM Braas, Hr B Bosch/REMI/9055947434 7020736885596650 HB
/PURP//CD/EPAY/ISDT/2025-11-06
:61:251106C000000000388,20N100EREF//2937446
NL46ABNA0465083110
:86:/EREF/05-11-2025 19:53 7020584191567076/TRCD/100/ORDP//NAME
/RHM KAMPMAN CJ/REMI/9055822042 7020584191567076 SR/PURP//CD
/EPAY/ISDT/2025-11-06
:61:251106C000000001198,44N100EREF//2937447
NL71ABNA0402028392
:86:/EREF/05-11-2025 19:48 7020976594475036/TRCD/100/ORDP//NAME
/MEP LINSSEN/REMI/9055816291 7020976594475036 KV/PURP//CD/EPAY
/ISDT/2025-11-06
:61:251106C000000000056,00N100EREF//2937448
NL36INGB0008529940
:86:/EREF/05-11-2025 15:49 7020974491565960/TRCD/100/ORDP//NAME
/Mw L Douma/REMI/9055248685 7020974491565960 HH/PURP//CD/EPAY
/ISDT/2025-11-06
:61:251106C000000000240,80N100EREF//2937449
NL94INGB0650325613
:86:/EREF/05-11-2025 16:21 7020045394415663/TRCD/100/ORDP//NAME
/Mw E van den Boom, Hr N van Gemerden/REMI/9055328657
 7020045394415663 EP/PURP//CD/EPAY/ISDT/2025-11-06
:61:251106C000000000051,00N100EREF//2937450
NL37INGB0660642492
:86:/EREF/05-11-2025 16:26 7020284806535273/TRCD/100/ORDP//NAME
/Hr MA ten Teije/REMI/9055351536 7020284806535273 EH/PURP//CD
/EPAY/ISDT/2025-11-06
:61:251106C000000000284,60N100EREF//2937451
NL06ABNA0840261012
:86:/EREF/05-11-2025 19:01 7020305697566575/TRCD/100/ORDP//NAME
/MOLLERS W A CJ/REMI/9055711973 7020305697566575 EP/PURP//CD
/EPAY/ISDT/2025-11-06
:61:251106C000000000243,50N100EREF//2937452
NL72ABNA0605970874
:86:/EREF/05-11-2025 19:23 7020056600597262/TRCD/100/ORDP//NAME
/SB VAN DAM/REMI/9055765061 7020056600597262 BK/PURP//CD/EPAY
/ISDT/2025-11-06
:61:251106C000000000107,50N100EREF//2937453
NL83ABNA0412599236
:86:/EREF/05-11-2025 19:31 7020435685685342/TRCD/100/ORDP//NAME
/DE LOUREIRO NEGREIRA/REMI/9055786403 7020435685685342 EH/PURP/
/CD/EPAY/ISDT/2025-11-06
:61:251106C000000000835,20N100EREF//2937454
NL36RBRB8843081306
:86:/EREF/2025-11-05T17:54 7020895400657550/TRCD/100/ORDP//NAME
/V.J.J. Leenders/REMI/9055561558 7020895400657550 MD/PURP//CD
/EPAY/ISDT/2025-11-06
:61:251106C000000000279,16N100EREF//2937455
NL77ASNB0267382022
:86:/EREF/2025-11-05T14:47 7020556582446383/TRCD/100/ORDP//NAME
/M.J. van Maastricht e/o E.S. van Hoek/REMI/9055097151
 7020556582446383 EH/PURP//CD/EPAY/ISDT/2025-11-06
:61:251106C000000000100,00N100EREF//2937456
NL74ABNA0438990285
:86:/EREF/05-11-2025 16:22 7020435688447367/TRCD/100/ORDP//NAME
/M H HUIJTS/REMI/9055335704 7020435688447367 ZV/PURP//CD/EPAY
/ISDT/2025-11-06
:61:251106C000000000306,09N100EREF//2937457
NL27ABNA0115601279
:86:/EREF/05-11-2025 16:14 7020446903655576/TRCD/100/ORDP//NAME
/E TIMMERS CJ/REMI/9055319387 7020446903655576 SL/PURP//CD/EPAY
/ISDT/2025-11-06
:61:251106C000000000388,80N100EREF//2937458
NL94SNSB0870865145
:86:/EREF/2025-11-05T16:42 7020096606537460/TRCD/100/ORDP//NAME
/D.P. den Haan e/o M.A. Looij/REMI/9055389594 7020096606537460
 HB/PURP//CD/EPAY/ISDT/2025-11-06
:61:251106C000000000816,00N100EREF//2937459
NL88RBRB0205094570
:86:/EREF/2025-11-05T13:29 7020925991657529/TRCD/100/ORDP//NAME
/W.G. van Gemert e/o L.C.M.M. Peters/REMI/9054904676
 7020925991657529 NO/PURP//CD/EPAY/ISDT/2025-11-06
:61:251106C000000000538,19N100EREF//2937460
NL27ABNA0467644543
:86:/EREF/05-11-2025 18:19 7020446309686449/TRCD/100/ORDP//NAME
/K KUIJER/REMI/9055612784 7020446309686449 SL/PURP//CD/EPAY/ISDT
/2025-11-06
:61:251106C000000000427,48N100EREF//2937461
NL73INGB0674032403
:86:/EREF/05-11-2025 19:31 7020324803536179/TRCD/100/ORDP//NAME
/Mw CTJA van der Parre,Hr B van de Velde/REMI/9055779251
 7020324803536179 VM/PURP//CD/EPAY/ISDT/2025-11-06
:61:251106C000000000178,40N100EREF//2937462
NL53SNSB0955683653
:86:/EREF/2025-11-05T18:38 7020945085475132/TRCD/100/ORDP//NAME
/M. Saman e/o P. Lokerse/REMI/9055666530 7020945085475132 EP
/PURP//CD/EPAY/ISDT/2025-11-06
:61:251106C000000000108,48N541EREF//2937463
BE39210096870619
:86:/EREF/202511030137775/TRCD/541/ORDP//NAME/WORLDLINE/REMI/R:6
-81993298/243  AFG:VI VAN 03/11 TOT 03/11        
 BRT:0000109,10EUR C:00000,62/PURP//CD/CCRD/ISDT/2025-11-06
:61:251106C000000000862,65N100EREF//2937464
NL82ABNA0870686313
:86:/EREF/05-11-2025 19:30 7020146585656803/TRCD/100/ORDP//NAME
/AJ VAN BOEKEL CJ/REMI/9055783679 7020146585656803 LH/PURP//CD
/EPAY/ISDT/2025-11-06
:61:251106C000000000228,40N100EREF//2937465
NL85INGB0001907741
:86:/EREF/06-11-2025 00:16 7020375709626482/TRCD/100/ORDP//NAME
/Mw P in 't Veld/REMI/9056259359 7020375709626482 LH/PURP//CD
/EPAY/ISDT/2025-11-06
:61:251106C000000001167,15N100EREF//2937466
NL78ABNA0484417932
:86:/EREF/05-11-2025 15:55 7020445097476968/TRCD/100/ORDP//NAME
/ML OERLEMANS/REMI/9055263960 7020445097476968 EH/PURP//CD/EPAY
/ISDT/2025-11-06
:61:251106C000000000078,40N100EREF//2937467
NL55ABNA0113358814
:86:/EREF/05-11-2025 20:43 7020286882445597/TRCD/100/ORDP//NAME
/A W N A ELSHAL/REMI/9055924431 7020286882445597 MD/PURP//CD
/EPAY/ISDT/2025-11-06
:61:251106C000000000037,90N100EREF//2937468
NL64INGB0006172045
:86:/EREF/06-11-2025 00:19 7020064809415222/TRCD/100/ORDP//NAME
/Mw L S J Schulz/REMI/9056267971 7020064809415222 HB/PURP//CD
/EPAY/ISDT/2025-11-06
:61:251106C000000000393,80N100EREF//2937469
NL40INGB0003606827
:86:/EREF/05-11-2025 22:45 7020106006566680/TRCD/100/ORDP//NAME
/MW L A C Braber/REMI/9056141374 7020106006566680 MD/PURP//CD
/EPAY/ISDT/2025-11-06
:61:251106C000000000523,00N100EREF//2937470
NL29INGB0702107808
:86:/EREF/05-11-2025 19:56 7020156285535783/TRCD/100/ORDP//NAME
/Hr TM van der Vaart/REMI/9055832705 7020156285535783 MD/PURP/
/CD/EPAY/ISDT/2025-11-06
:61:251106C000000000884,12N100EREF//2937471
NL37ABNA0146099354
:86:/EREF/05-11-2025 23:43 7020746000445618/TRCD/100/ORDP//NAME
/T J HAASBROEK/REMI/9056225865 7020746000445618 PZ/PURP//CD/EPAY
/ISDT/2025-11-06
:61:251106C000000000438,40N100EREF//2937472
NL68ABNA0467422257
:86:/EREF/05-11-2025 22:29 7020146600507187/TRCD/100/ORDP//NAME
/C I DE RIJK/REMI/9056121234 7020146600507187 VN/PURP//CD/EPAY
/ISDT/2025-11-06
:61:251106C000000000208,66N100EREF//2937473
NL12ABNA0120178397
:86:/EREF/05-11-2025 22:30 7020705706595897/TRCD/100/ORDP//NAME
/V SAROYAN/REMI/9056119429 7020705706595897 EH/PURP//CD/EPAY
/ISDT/2025-11-06
:61:251106C000000000089,25N100EREF//2937474
NL68INGB0001230211
:86:/EREF/06-11-2025 04:57 7020096003682474/TRCD/100/ORDP//NAME
/Mw W Berken-vd Lei en Hr J H Berken/REMI/9056440432
 7020096003682474 PZ/PURP//CD/EPAY/ISDT/2025-11-06
:61:251106C000000002039,12N100EREF//2937475
NL27ASNB0943087929
:86:/EREF/2025-11-05T17:21 7020116009625708/TRCD/100/ORDP//NAME
/J.C.J. Hazenbosch/REMI/9055479886 7020116009625708 HE/PURP//CD
/EPAY/ISDT/2025-11-06
:61:251106C000000000051,80N100EREF//2937476
NL34ABNA0568075501
:86:/EREF/05-11-2025 19:12 7020066591506827/TRCD/100/ORDP//NAME
/FMJJ DE LEIJSER/REMI/9055744087 7020066591506827 KV/PURP//CD
/EPAY/ISDT/2025-11-06
:61:251106C000000000660,96N100EREF//2937477
NL34ABNA0508524970
:86:/EREF/05-11-2025 19:11 7020156000416509/TRCD/100/ORDP//NAME
/H LE/REMI/9055738854 7020156000416509 SL/PURP//CD/EPAY/ISDT
/2025-11-06
:61:251106C000000000440,12N100EREF//2937478
NL78INGB0008118098
:86:/EREF/05-11-2025 22:14 7020474200476782/TRCD/100/ORDP//NAME
/Mw CC de Vaan-van Loon/REMI/9056093102 7020474200476782 EH/PURP
//CD/EPAY/ISDT/2025-11-06
:61:251106C000000000646,24N100EREF//2937479
NL39INGB0100713351
:86:/EREF/05-11-2025 22:08 7020524503537919/TRCD/100/ORDP//NAME
/Mw SF Harteveld,Hr MC Dekkers/REMI/9056084886 7020524503537919
 EH/PURP//CD/EPAY/ISDT/2025-11-06
:61:251106C000000000287,80N100EREF//2937480
NL73INGB0756061423
:86:/EREF/05-11-2025 20:45 7020404791656686/TRCD/100/ORDP//NAME
/Mw J Middag,Hr B van Bemmel/REMI/9055928041 7020404791656686 SR
/PURP//CD/EPAY/ISDT/2025-11-06
:61:251106C000000000139,91N100EREF//2937481
NL89INGB0003906354
:86:/EREF/05-11-2025 20:22 7020674809597499/TRCD/100/ORDP//NAME
/Hr V Kerstholt/REMI/9055877573 7020674809597499 HB/PURP//CD
/EPAY/ISDT/2025-11-06
:61:251106C000000000585,80N100EREF//2937482
NL60INGB0702520276
:86:/EREF/05-11-2025 20:50 7020746009506077/TRCD/100/ORDP//NAME
/Hr ing RAJ Valk, Mw TCT Valk-Faber/REMI/9055937398
 7020746009506077 MD/PURP//CD/EPAY/ISDT/2025-11-06
:61:251106C000000000028,90N100EREF//2937483
NL81INGB0006762954
:86:/EREF/05-11-2025 17:09 7020175409597529/TRCD/100/ORDP//NAME
/Mw S van de Velden/REMI/9055459003 7020175409597529 HB/PURP//CD
/EPAY/ISDT/2025-11-06
:61:251106C000000000406,40N100EREF//2937484
NL76INGB0008896559
:86:/EREF/05-11-2025 20:09 7020614191566053/TRCD/100/ORDP//NAME
/Mw S Kohl/REMI/9055859542 7020614191566053 ZV/PURP//CD/EPAY
/ISDT/2025-11-06
:61:251106C000000000901,20N100EREF//2937485
NL32INGB0008377237
:86:/EREF/05-11-2025 22:48 7020796603625936/TRCD/100/ORDP//NAME
/Hr H J Verhoeven/REMI/9056149543 7020796603625936 MD/PURP//CD
/EPAY/ISDT/2025-11-06
:61:251106C000000002831,44N100EREF//2937486
NL62INGB0389831719
:86:/EREF/05-11-2025 20:01 7020186603626083/TRCD/100/ORDP//NAME
/Mw V Schneider,Hr HN Geertsema/REMI/9055839658 7020186603626083
 VM/PURP//CD/EPAY/ISDT/2025-11-06
:61:251106C000000000440,20N100EREF//2937487
NL08INGB0677771177
:86:/EREF/05-11-2025 22:30 7020094785685885/TRCD/100/ORDP//NAME
/Mw E Bouwman-Gouwswaard/REMI/9056123170 7020094785685885 EP
/PURP//CD/EPAY/ISDT/2025-11-06
:61:251106C000000000501,80N100EREF//2937488
NL96INGB0750081929
:86:/EREF/05-11-2025 18:52 7020746594566815/TRCD/100/ORDP//NAME
/Hr JR Walberg/REMI/9055693508 7020746594566815 EH/PURP//CD/EPAY
/ISDT/2025-11-06
:61:251106C000000000028,50N100EREF//2937489
NL42INGB0003200167
:86:/EREF/05-11-2025 18:51 7020866894446668/TRCD/100/ORDP//NAME
/Hr A Melenboer/REMI/9055693408 7020866894446668 HB/PURP//CD
/EPAY/ISDT/2025-11-06
:61:251106C000000000007,50N100EREF//2937490
NL62INGB0007909060
:86:/EREF/05-11-2025 19:58 7020354485477541/TRCD/100/ORDP//NAME
/Hr J van de Weiden/REMI/9055833225 7020354485477541 HB/PURP//CD
/EPAY/ISDT/2025-11-06
:61:251106C000000000325,20N100EREF//2937491
NL83INGB0679412522
:86:/EREF/05-11-2025 22:12 7020184203447667/TRCD/100/ORDP//NAME
/Mw DG van Gisbergen/REMI/9056085573 7020184203447667 LH/PURP/
/CD/EPAY/ISDT/2025-11-06
:61:251106C000000000397,50N100EREF//2937492
NL90INGB0651706092
:86:/EREF/05-11-2025 22:11 7020245688685189/TRCD/100/ORDP//NAME
/Hr PAC Zaal, Mw L Tuithof/REMI/9056083807 7020245688685189 MD
/PURP//CD/EPAY/ISDT/2025-11-06
:61:251106C000000001534,17N100EREF//2937493
NL27INGB0007162402
:86:/EREF/05-11-2025 17:19 7020664506627790/TRCD/100/ORDP//NAME
/Mw M Kraanen/REMI/9055479563 7020664506627790 ZV/PURP//CD/EPAY
/ISDT/2025-11-06
:61:251106C000000001062,20N100EREF//2937494
NL42INGB0004844414
:86:/EREF/05-11-2025 18:19 7020565988567373/TRCD/100/ORDP//NAME
/Mw C M van Royen-Merkies e/o Hr M van Royen/REMI/9055622174
 7020565988567373 ZV/PURP//CD/EPAY/ISDT/2025-11-06
:61:251106C000000000060,00N100EREF//2937495
NL22INGB0008254421
:86:/EREF/05-11-2025 19:25 7020535085656542/TRCD/100/ORDP//NAME
/Hr DAJ van der Weele, Mw RMB Elsbergen/REMI/9055770805
 7020535085656542 EP/PURP//CD/EPAY/ISDT/2025-11-06
:61:251106C000000000363,00N100EREF//2937496
NL65INGB0398652651
:86:/EREF/05-11-2025 21:10 7020516297565522/TRCD/100/ORDP//NAME
/Mw LH van Gijzen,Hr T Boot/REMI/9055973482 7020516297565522 TH
/PURP//CD/EPAY/ISDT/2025-11-06
:61:251106C000000000846,24N100EREF//2937497
NL08INGB0006144147
:86:/EREF/05-11-2025 20:32 7020074491566218/TRCD/100/ORDP//NAME
/Hr MJ van Cleef/REMI/9055900725 7020074491566218 ZV/PURP//CD
/EPAY/ISDT/2025-11-06
:61:251106C000000000315,10N100EREF//2937498
NL43INGB0100155820
:86:/EREF/05-11-2025 22:28 7020504488505213/TRCD/100/ORDP//NAME
/Hr T Boogerd,Mw MMG Blokland/REMI/9056116304 7020504488505213
 LH/PURP//CD/EPAY/ISDT/2025-11-06
:61:251106C000000000440,59N100EREF//2937499
NL05INGB0753252945
:86:/EREF/05-11-2025 21:10 7020515394417517/TRCD/100/ORDP//NAME
/Mw C J M Gerritsen/REMI/9055975596 7020515394417517 SL/PURP//CD
/EPAY/ISDT/2025-11-06
:61:251106C000000001211,48N100EREF//2937500
NL35INGB0009610247
:86:/EREF/05-11-2025 20:15 7020615406597985/TRCD/100/ORDP//NAME
/Hr JC Sijstermans, Mw MBM Smeets/REMI/9055868453
 7020615406597985 SL/PURP//CD/EPAY/ISDT/2025-11-06
:61:251106C000000000301,10N100EREF//2937501
NL27SNSB0903358344
:86:/EREF/2025-11-05T19:32 7020015988625144/TRCD/100/ORDP//NAME
/C.M. Heininga-Faber e/o H. Heininga/REMI/9055783979
 7020015988625144 HH/PURP//CD/EPAY/ISDT/2025-11-06
:61:251106C000000000604,98N100EREF//2937502
NL35ABNA0568646231
:86:/EREF/05-11-2025 20:28 7020344182537040/TRCD/100/ORDP//NAME
/N VAN IERSEL/REMI/9055890091 7020344182537040 SL/PURP//CD/EPAY
/ISDT/2025-11-06
:61:251106C000000000650,80N100EREF//2937503
NL94ABNA0570165741
:86:/EREF/05-11-2025 20:47 7020426591655780/TRCD/100/ORDP//NAME
/SD FRIJNTS CJ/REMI/9055929231 7020426591655780 HB/PURP//CD/EPAY
/ISDT/2025-11-06
:61:251106C000000000278,68N100EREF//2937504
NL61ABNA0447280333
:86:/EREF/05-11-2025 20:42 7020046906417406/TRCD/100/ORDP//NAME
/KM VAN DER WIJK/REMI/9055916188 7020046906417406 EH/PURP//CD
/EPAY/ISDT/2025-11-06
:61:251106C000000000714,59N100EREF//2937505
NL14INGB0000478366
:86:/EREF/05-11-2025 18:57 7020305688477889/TRCD/100/ORDP//NAME
/Mw LJ Neef,Hr AJ van Bree/REMI/9055703353 7020305688477889 PZ
/PURP//CD/EPAY/ISDT/2025-11-06
:61:251106C000000000326,64N100EREF//2937506
NL85INGB0007709990
:86:/EREF/05-11-2025 18:59 7020235685445144/TRCD/100/ORDP//NAME
/Hr A Sterken en/of Mw E H Sterken-Dijkstra/REMI/9055710954
 7020235685445144 BK/PURP//CD/EPAY/ISDT/2025-11-06
:61:251106C000000000098,55N100EREF//2937507
NL41INGB0001895923
:86:/EREF/05-11-2025 17:18 7020015391566998/TRCD/100/ORDP//NAME
/Hr J de Lange Boom/REMI/9055476566 7020015391566998 KV/PURP//CD
/EPAY/ISDT/2025-11-06
:61:251106C000000000233,60N100EREF//2937508
NL94INGB0105256811
:86:/EREF/06-11-2025 00:05 7020635106477142/TRCD/100/ORDP//NAME
/Hr D van Putten,Mw MN de Rooij/REMI/9056251196 7020635106477142
 ZV/PURP//CD/EPAY/ISDT/2025-11-06
:61:251106C000000000233,12N100EREF//2937509
NL87INGB0007581235
:86:/EREF/05-11-2025 15:36 7020854509566755/TRCD/100/ORDP//NAME
/Mw C van Houten/REMI/9055223362 7020854509566755 EH/PURP//CD
/EPAY/ISDT/2025-11-06
:61:251106C000000003194,30N100EREF//2937510
NL51INGB0007611856
:86:/EREF/05-11-2025 15:43 7020045406656557/TRCD/100/ORDP//NAME
/Mw N F W Merx/REMI/9055238623 7020045406656557 VN/PURP//CD/EPAY
/ISDT/2025-11-06
:61:251106C000000000189,16N100EREF//2937511
NL26INGB0000516950
:86:/EREF/05-11-2025 22:41 7020085409566911/TRCD/100/ORDP//NAME
/Mw C Hendriks/REMI/9056137355 7020085409566911 EH/PURP//CD/EPAY
/ISDT/2025-11-06
:61:251106C000000000893,20N100EREF//2937512
NL79INGB0002282463
:86:/EREF/05-11-2025 22:51 7020625985687718/TRCD/100/ORDP//NAME
/Mw S Koppen, Hr HJ Drost/REMI/9056148680 7020625985687718 EH
/PURP//CD/EPAY/ISDT/2025-11-06
:61:251106C000000002350,10N100EREF//2937513
NL64INGB0003021194
:86:/EREF/05-11-2025 22:36 7020375091655405/TRCD/100/ORDP//NAME
/Mw P Veneboer/REMI/9056132128 7020375091655405 BK/PURP//CD/EPAY
/ISDT/2025-11-06
:61:251106C000000000259,64N100EREF//2937514
NL75INGB0525755063
:86:/EREF/05-11-2025 20:00 7020134197685471/TRCD/100/ORDP//NAME
/Mw G de Jager,Hr E de Graaf/REMI/9055835287 7020134197685471 HH
/PURP//CD/EPAY/ISDT/2025-11-06
:61:251106C000000001331,60N100EREF//2937515
NL05INGB0657890693
:86:/EREF/05-11-2025 22:09 7020695403536998/TRCD/100/ORDP//NAME
/Hr PS Scheffers, Mw AMP Scheffers-Knuist/REMI/9056084929
 7020695403536998 HH/PURP//CD/EPAY/ISDT/2025-11-06
:61:251106C000000000533,10N100EREF//2937516
NL52INGB0002090404
:86:/EREF/05-11-2025 16:46 7020016594685855/TRCD/100/ORDP//NAME
/Mw AA Stroop/REMI/9055394856 7020016594685855 KV/PURP//CD/EPAY
/ISDT/2025-11-06
:61:251106C000000000317,65N100EREF//2937517
NL27INGB0008660955
:86:/EREF/06-11-2025 00:23 7020466582687532/TRCD/100/ORDP//NAME
/Mw C van de Loo, Hr JW Mooibroek/REMI/9056271341
 7020466582687532 HH/PURP//CD/EPAY/ISDT/2025-11-06
:61:251106C000000000368,80N100EREF//2937518
NL27INGB0651430097
:86:/EREF/05-11-2025 20:52 7020305685687922/TRCD/100/ORDP//NAME
/Mw I Hoogland/REMI/9055939472 7020305685687922 ZV/PURP//CD/EPAY
/ISDT/2025-11-06
:61:251106C000000001426,56N100EREF//2937519
NL30INGB0008487756
:86:/EREF/05-11-2025 20:16 7020915988655006/TRCD/100/ORDP//NAME
/Mw M van het Maalpad/REMI/9055868700 7020915988655006 PZ/PURP/
/CD/EPAY/ISDT/2025-11-06
:61:251106C000000000381,10N100EREF//2937520
NL18INGB0107437090
:86:/EREF/05-11-2025 19:35 7020444797416275/TRCD/100/ORDP//NAME
/Hr PJA Van Mulukom/REMI/9055793494 7020444797416275 HH/PURP//CD
/EPAY/ISDT/2025-11-06
:61:251106C000000000361,20N100EREF//2937521
NL60INGB0006860429
:86:/EREF/05-11-2025 19:42 7020055991566095/TRCD/100/ORDP//NAME
/Hr W P Loeff en/of Mw P A Beerens/REMI/9055806442
 7020055991566095 MD/PURP//CD/EPAY/ISDT/2025-11-06
:61:251106C000000000792,27N100EREF//2937522
NL41ABNA0477549543
:86:/EREF/05-11-2025 22:20 7020076300626338/TRCD/100/ORDP//NAME
/ES VAN DER WEIDE/REMI/9056104754 7020076300626338 VM/PURP//CD
/EPAY/ISDT/2025-11-06
:61:251106C000000000461,02N100EREF//2937523
NL02ABNA0847536181
:86:/EREF/05-11-2025 21:10 7020956900655555/TRCD/100/ORDP//NAME
/L KOK CJ/REMI/9055971313 7020956900655555 HA/PURP//CD/EPAY/ISDT
/2025-11-06
:61:251106C000000000404,00N100EREF//2937524
NL32ABNA0481561625
:86:/EREF/05-11-2025 21:10 7020374488625765/TRCD/100/ORDP//NAME
/E RUTTEN/REMI/9055967930 7020374488625765 HH/PURP//CD/EPAY/ISDT
/2025-11-06
:61:251106C000000000571,48N100EREF//2937525
NL87ABNA0536797285
:86:/EREF/05-11-2025 23:04 7020204197415828/TRCD/100/ORDP//NAME
/R VAN DER TUUK/REMI/9056175436 7020204197415828 BS/PURP//CD
/EPAY/ISDT/2025-11-06
:61:251106C000000000016,00N100EREF//2937526
NL53ABNA0578093901
:86:/EREF/05-11-2025 22:50 7020644209416581/TRCD/100/ORDP//NAME
/CHRISTIAN WANDERS CJ/REMI/9056154292 7020644209416581 VN/PURP/
/CD/EPAY/ISDT/2025-11-06
:61:251106C000000000250,00N541EREF//2937527
NL17INGB0004878232
:86:/EREF/2937527/TRCD/541/ORDP//NAME/Hr M J M Truijen en/of Mw
 A W J M Truijen-Vlemmix/REMI/Reserveringsnummer: 4227026/ISDT
/2025-11-06
:61:251106C000000000289,40N100EREF//2937528
NL36RABO0137119674
:86:/EREF/06-11-2025 08:41 7020895988623290/TRCD/100/ORDP//NAME
/S.J.H. Hanegraaf/REMI/9056678707 7020895988623290 KV xui
-24627904/PURP//CD/EPAY/ISDT/2025-11-06
:61:251106C000000000673,88N100EREF//2937529
NL81SNSB0898548500
:86:/EREF/2025-11-05T17:20 7020695109597418/TRCD/100/ORDP//NAME
/J.T. Arentsen/REMI/9055481269 7020695109597418 KM/PURP//CD/EPAY
/ISDT/2025-11-06
:61:251106C000000000880,20N100EREF//2937530
NL53ASNB0708173152
:86:/EREF/2025-11-05T18:27 7020425997417607/TRCD/100/ORDP//NAME
/H.S. de Groot/REMI/9055634514 7020425997417607 HB/PURP//CD/EPAY
/ISDT/2025-11-06
:61:251106C000000000159,60N100EREF//2937531
NL73RBRB0940604809
:86:/EREF/2025-11-05T20:31 7020565400686932/TRCD/100/ORDP//NAME
/J.C.M. Dingen/REMI/9055898529 7020565400686932 HB/PURP//CD/EPAY
/ISDT/2025-11-06
:61:251106C000000000793,80N100EREF//2937532
NL26INGB0667783830
:86:/EREF/05-11-2025 22:25 7020676594595027/TRCD/100/ORDP//NAME
/Mw FJ Jiang, Hr MR de Kramer/REMI/9056112252 7020676594595027
 HB/PURP//CD/EPAY/ISDT/2025-11-06
:61:251106C000000000443,00N100EREF//2937533
NL70INGB0002744733
:86:/EREF/05-11-2025 23:18 7020436600445801/TRCD/100/ORDP//NAME
/Hr L W Smit en/of Mw I C Smit-van Laer/REMI/9056196933
 7020436600445801 MD/PURP//CD/EPAY/ISDT/2025-11-06
:61:251106C000000001181,93N100EREF//2937534
NL44INGB0658189042
:86:/EREF/05-11-2025 16:50 7020025988416716/TRCD/100/ORDP//NAME
/Hr L Bras-Schijvenaars, Mw PTM Bras/REMI/9055408769
 7020025988416716 AR/PURP//CD/EPAY/ISDT/2025-11-06
:61:251106C000000000012,50N100EREF//2937535
NL96INGB0007213055
:86:/EREF/05-11-2025 19:19 7020356303477442/TRCD/100/ORDP//NAME
/Mw P Vermeulen/REMI/9055758445 7020356303477442 KV/PURP//CD
/EPAY/ISDT/2025-11-06
:61:251106C000000000038,25N100EREF//2937536
NL19INGB0001121871
:86:/EREF/05-11-2025 21:02 7020185997505291/TRCD/100/ORDP//NAME
/Mw M F Donker/REMI/9055957827 7020185997505291 EP/PURP//CD/EPAY
/ISDT/2025-11-06
:61:251106C000000001386,28N100EREF//2937537
NL97INGB0003267077
:86:/EREF/05-11-2025 17:34 7020706909595372/TRCD/100/ORDP//NAME
/Hr A J Boerboom en Mw W T Boerboom-Stoks/REMI/9055504335
 7020706909595372 EH/PURP//CD/EPAY/ISDT/2025-11-06
:61:251106C000000000461,65N100EREF//2937538
NL34INGB0107897067
:86:/EREF/05-11-2025 19:47 7020204782446653/TRCD/100/ORDP//NAME
/Yggdrasil service/REMI/9055815681 7020204782446653 KV/PURP//CD
/EPAY/ISDT/2025-11-06
:61:251106C000000000368,00N100EREF//2937539
NL04INGB0390654353
:86:/EREF/05-11-2025 18:55 7020835091657655/TRCD/100/ORDP//NAME
/Mw MI Bloem,Hr BT Rouhof/REMI/9055699812 7020835091657655 ZV
/PURP//CD/EPAY/ISDT/2025-11-06
:61:251106C000000002131,44N100EREF//2937540
NL62INGB0389831719
:86:/EREF/05-11-2025 20:00 7020334500657916/TRCD/100/ORDP//NAME
/Mw V Schneider,Hr HN Geertsema/REMI/9055842505 7020334500657916
 VM/PURP//CD/EPAY/ISDT/2025-11-06
:61:251106C000000000314,80N100EREF//2937541
NL59INGB0007462914
:86:/EREF/05-11-2025 19:02 7020125091415111/TRCD/100/ORDP//NAME
/Mw SM van de Velde/REMI/9055716515 7020125091415111 KM/PURP//CD
/EPAY/ISDT/2025-11-06
:61:251106C000000001394,32N100EREF//2937542
NL27INGB0006193178
:86:/EREF/05-11-2025 16:13 7020105691625600/TRCD/100/ORDP//NAME
/Mw J van 't Veen/REMI/9055320137 7020105691625600 EH/PURP//CD
/EPAY/ISDT/2025-11-06
:61:251106C000000000022,80N100EREF//2937543
NL15INGB0799516430
:86:/EREF/05-11-2025 17:06 7020056588536308/TRCD/100/ORDP//NAME
/Hr J Guijt,Mw MF Schipper/REMI/9055444464 7020056588536308 HH
/PURP//CD/EPAY/ISDT/2025-11-06
:61:251106C000000001715,75N100EREF//2937544
NL41INGB0003559667
:86:/EREF/05-11-2025 19:28 7020516006625360/TRCD/100/ORDP//NAME
/Mw M Bravenboer/REMI/9055774642 7020516006625360 HH/PURP//CD
/EPAY/ISDT/2025-11-06
:61:251106C000000001228,34N100EREF//2937545
NL76INGB0703392212
:86:/EREF/05-11-2025 19:24 7020316894537382/TRCD/100/ORDP//NAME
/Hr EM Marsman/REMI/9055768281 7020316894537382 VM/PURP//CD/EPAY
/ISDT/2025-11-06
:61:251106C000000000495,12N100EREF//2937546
NL53INGB0652489354
:86:/EREF/05-11-2025 22:17 7020866003417844/TRCD/100/ORDP//NAME
/Mw A de Wit,Hr NJH Samardzic/REMI/9056098016 7020866003417844
 PZ/PURP//CD/EPAY/ISDT/2025-11-06
:61:251106C000000000865,60N100EREF//2937547
NL03INGB0755532384
:86:/EREF/05-11-2025 20:03 7020975409597931/TRCD/100/ORDP//NAME
/Hr C de Bruin, Mw SAE Konings/REMI/9055846253 7020975409597931
 MD/PURP//CD/EPAY/ISDT/2025-11-06
:61:251106C000000000609,68N100EREF//2937548
NL11INGB0748267522
:86:/EREF/05-11-2025 22:35 7020926594626821/TRCD/100/ORDP//NAME
/Hr KSA Elders/REMI/9056125443 7020926594626821 EH/PURP//CD/EPAY
/ISDT/2025-11-06
:61:251106C000000000033,00N100EREF//2937549
NL18INGB0006618782
:86:/EREF/05-11-2025 22:29 7020455097475288/TRCD/100/ORDP//NAME
/Hr D Groenendijk/REMI/9056120734 7020455097475288 VM/PURP//CD
/EPAY/ISDT/2025-11-06
:61:251106C000000000853,60N100EREF//2937550
NL22INGB0793524032
:86:/EREF/05-11-2025 20:36 7020194794415141/TRCD/100/ORDP//NAME
/Mw S Hilhorst/REMI/9055904007 7020194794415141 EP/PURP//CD/EPAY
/ISDT/2025-11-06
:61:251106C000000000007,80N100EREF//2937551
NL25INGB0654845697
:86:/EREF/05-11-2025 19:41 7020864488505894/TRCD/100/ORDP//NAME
/Mw M Eekma-Molenberg,Hr RD Eekma/REMI/9055798983
 7020864488505894 EP/PURP//CD/EPAY/ISDT/2025-11-06
:61:251106C000000000111,48N100EREF//2937552
NL19INGB0003602258
:86:/EREF/05-11-2025 22:13 7020495685657040/TRCD/100/ORDP//NAME
/J B M Kemperman en M W A Kemperman-Heukeshoven/REMI/9056085654
 7020495685657040 KM/PURP//CD/EPAY/ISDT/2025-11-06
:61:251106C000000000033,00N100EREF//2937553
NL34INGB0003454839
:86:/EREF/05-11-2025 20:53 7020444782445453/TRCD/100/ORDP//NAME
/Mw M Jansen, Hr P Matser/REMI/9055940374 7020444782445453 HB
/PURP//CD/EPAY/ISDT/2025-11-06
:61:251106C000000000543,20N100EREF//2937554
NL19INGB0754611760
:86:/EREF/05-11-2025 23:05 7020945403687220/TRCD/100/ORDP//NAME
/Mw LS Jacobs-Hijstek,Hr JJF Jacobs/REMI/9056176168
 7020945403687220 HB/PURP//CD/EPAY/ISDT/2025-11-06
:61:251106C000000000250,00N100EREF//2937555
NL75INGB0002637555
:86:/EREF/05-11-2025 19:50 7020475100596743/TRCD/100/ORDP//NAME
/Mw C Kilic/REMI/9055819825 7020475100596743 MD/PURP//CD/EPAY
/ISDT/2025-11-06
:61:251106C000000000779,52N100EREF//2937556
NL33ABNA0588155780
:86:/EREF/06-11-2025 06:51 7020914197624175/TRCD/100/ORDP//NAME
/MA VD WIJST/REMI/9056509100 7020914197624175 KM/PURP//CD/EPAY
/ISDT/2025-11-06
:61:251106C000000001013,10N100EREF//2937557
NL07ABNA0105935395
:86:/EREF/05-11-2025 20:48 7020025103597361/TRCD/100/ORDP//NAME
/KB MARE/REMI/9055927720 7020025103597361 LH/PURP//CD/EPAY/ISDT
/2025-11-06
:61:251106C000000003050,60N100EREF//2937558
NL29INGB0007324938
:86:/EREF/06-11-2025 06:31 7020124800624457/TRCD/100/ORDP//NAME
/Mw F van der Waa/REMI/9056496606 7020124800624457 HE/PURP//CD
/EPAY/ISDT/2025-11-06
:61:251106C000000000042,95N100EREF//2937559
NL41ABNA0477549543
:86:/EREF/05-11-2025 22:43 7020116003445561/TRCD/100/ORDP//NAME
/ES VAN DER WEIDE/REMI/9056140114 7020116003445561 VM/PURP//CD
/EPAY/ISDT/2025-11-06
:61:251106C000000000450,48N100EREF//2937560
NL17INGB0396170315
:86:/EREF/05-11-2025 17:28 7020346303505429/TRCD/100/ORDP//NAME
/Hr D Baltus,Mw SJ Brandes/REMI/9055502792 7020346303505429 VM
/PURP//CD/EPAY/ISDT/2025-11-06
:61:251106C000000000065,00N100EREF//2937561
NL90INGB0705172880
:86:/EREF/05-11-2025 22:16 7020095703565108/TRCD/100/ORDP//NAME
/Mw K van Kampen/REMI/9056091357 7020095703565108 PZ/PURP//CD
/EPAY/ISDT/2025-11-06
:61:251106C000000000372,20N100EREF//2937562
NL34INGB0758327463
:86:/EREF/05-11-2025 16:38 7020255706535987/TRCD/100/ORDP//NAME
/Hr R G M Kosters en/of Mw E Vrieswijk/REMI/9055378463
 7020255706535987 KV/PURP//CD/EPAY/ISDT/2025-11-06
:61:251106C000000000220,08N100EREF//2937563
NL21INGB0005090105
:86:/EREF/05-11-2025 18:29 7020415709415765/TRCD/100/ORDP//NAME
/Mw C D M van Zelm-Brandhoff/REMI/9055639732 7020415709415765 EH
/PURP//CD/EPAY/ISDT/2025-11-06
:61:251106C000000000004,95N100EREF//2937564
NL95INGB0687781175
:86:/EREF/05-11-2025 17:55 7020266894415633/TRCD/100/ORDP//NAME
/Hr R J Kommerkamp en/of Mw Y Kommerkamp-Leenders/REMI
/9055561664 7020266894415633 SL/PURP//CD/EPAY/ISDT/2025-11-06
:61:251106C000000000379,61N100EREF//2937565
NL73INGB0684226715
:86:/EREF/05-11-2025 23:44 7020565091657070/TRCD/100/ORDP//NAME
/Mw S Baars/REMI/9056225079 7020565091657070 HE/PURP//CD/EPAY
/ISDT/2025-11-06
:61:251106C000000000330,80N100EREF//2937566
NL73INGB0005222641
:86:/EREF/05-11-2025 20:34 7020396285656002/TRCD/100/ORDP//NAME
/Hr MA Meesters,Mw J Meesters-de Wit/REMI/9055906787
 7020396285656002 KV/PURP//CD/EPAY/ISDT/2025-11-06
:61:251106C000000000705,45N100EREF//2937567
NL39INGB0008550935
:86:/EREF/05-11-2025 19:41 7020855082506920/TRCD/100/ORDP//NAME
/Mw MAM Buuron/REMI/9055800180 7020855082506920 KV/PURP//CD/EPAY
/ISDT/2025-11-06
:61:251106C000000000294,90N100EREF//2937568
NL04ABNA0605918457
:86:/EREF/05-11-2025 22:10 7020096588416620/TRCD/100/ORDP//NAME
/WILLEKE ABEN/REMI/9056084449 7020096588416620 HB/PURP//CD/EPAY
/ISDT/2025-11-06
:61:251106C000000002295,25N100EREF//2937569
NL11ABNA0456881905
:86:/EREF/05-11-2025 22:28 7020096603596137/TRCD/100/ORDP//NAME
/RS VAN DE GRIENDT CJ/REMI/9056117140 7020096603596137 HB/PURP/
/CD/EPAY/ISDT/2025-11-06
:61:251106C000000000611,68N100EREF//2937570
NL29ABNA0591613611
:86:/EREF/05-11-2025 22:12 7020175103655108/TRCD/100/ORDP//NAME
/S ROEST/REMI/9056091691 7020175103655108 EH/PURP//CD/EPAY/ISDT
/2025-11-06
:61:251106C000000000109,00N100EREF//2937571
NL53ABNA0578093901
:86:/EREF/05-11-2025 22:46 7020734782447745/TRCD/100/ORDP//NAME
/CHRISTIAN WANDERS CJ/REMI/9056148025 7020734782447745 VN/PURP/
/CD/EPAY/ISDT/2025-11-06
:61:251106C000000000518,10N100EREF//2937572
NL79ABNA0804432554
:86:/EREF/05-11-2025 21:08 7020066882475990/TRCD/100/ORDP//NAME
/S TEEUWEN CJ/REMI/9055968937 7020066882475990 BK/PURP//CD/EPAY
/ISDT/2025-11-06
:61:251106C000000001372,40N100EREF//2937573
NL41ABNA0477549543
:86:/EREF/05-11-2025 22:38 7020116585536809/TRCD/100/ORDP//NAME
/ES VAN DER WEIDE/REMI/9056136077 7020116585536809 VM/PURP//CD
/EPAY/ISDT/2025-11-06
:61:251106C000000001528,00N100EREF//2937574
NL56INGB0630590095
:86:/EREF/05-11-2025 18:37 7020505700447673/TRCD/100/ORDP//NAME
/Hr SM Steenbergen,Mw Q Rollema/REMI/9055654904 7020505700447673
 TH/PURP//CD/EPAY/ISDT/2025-11-06
:61:251106C000000000590,88N100EREF//2937575
NL74INGB0007830468
:86:/EREF/05-11-2025 20:21 7020926903626857/TRCD/100/ORDP//NAME
/Mw L Koppejan/REMI/9055873366 7020926903626857 KM/PURP//CD/EPAY
/ISDT/2025-11-06
:61:251106C000000000206,30N100EREF//2937576
NL84INGB0001023701
:86:/EREF/05-11-2025 17:05 7020694800627898/TRCD/100/ORDP//NAME
/Mw LM van Velzen/REMI/9055441394 7020694800627898 EP/PURP//CD
/EPAY/ISDT/2025-11-06
:61:251106C000000000057,00N100EREF//2937577
NL58INGB0005897643
:86:/EREF/05-11-2025 19:47 7020316900627271/TRCD/100/ORDP//NAME
/Mw P P H Jansen/REMI/9055815495 7020316900627271 SL/PURP//CD
/EPAY/ISDT/2025-11-06
:61:251106C000000000014,00N100EREF//2937578
NL54INGB0009583521
:86:/EREF/05-11-2025 16:11 7020675397416629/TRCD/100/ORDP//NAME
/Mw N Strunk/REMI/9055310719 7020675397416629 EH/PURP//CD/EPAY
/ISDT/2025-11-06
:61:251106C000000000399,75N100EREF//2937579
NL60INGB0005912739
:86:/EREF/05-11-2025 16:49 7020084209507259/TRCD/100/ORDP//NAME
/Hr A van der Kruk/REMI/9055405600 7020084209507259 HH/PURP//CD
/EPAY/ISDT/2025-11-06
:61:251106C000000000792,58N100EREF//2937580
NL85INGB0006793146
:86:/EREF/05-11-2025 20:45 7020345985566029/TRCD/100/ORDP//NAME
/Hr D D P van Zundert/REMI/9055924700 7020345985566029 LA/PURP/
/CD/EPAY/ISDT/2025-11-06
:61:251106C000000000215,00N100EREF//2937581
NL32INGB0004561257
:86:/EREF/05-11-2025 18:54 7020704206505252/TRCD/100/ORDP//NAME
/Hr J F van Steenpaal en/of Mw A E W Mens/REMI/9055698701
 7020704206505252 KV/PURP//CD/EPAY/ISDT/2025-11-06
:61:251106C000000000250,00N100EREF//2937582
NL28INGB0758589956
:86:/EREF/05-11-2025 22:58 7020974209597853/TRCD/100/ORDP//NAME
/Hr DR van der Bijl, Mw WN ter Maten/REMI/9056164359
 7020974209597853 EH/PURP//CD/EPAY/ISDT/2025-11-06
:61:251106C000000000269,10N100EREF//2937583
NL20INGB0004656921
:86:/EREF/05-11-2025 17:40 7020776585686446/TRCD/100/ORDP//NAME
/Hr R van Neerrijnen/REMI/9055528735 7020776585686446 HH/PURP/
/CD/EPAY/ISDT/2025-11-06
:61:251106C000000000802,09N100EREF//2937584
NL76INGB0006745681
:86:/EREF/05-11-2025 20:08 7020566594505114/TRCD/100/ORDP//NAME
/AC Monster-Beijersbergen/REMI/9055854193 7020566594505114 PZ
/PURP//CD/EPAY/ISDT/2025-11-06
:61:251106C000000001211,44N100EREF//2937585
NL87INGB0004374512
:86:/EREF/05-11-2025 22:29 7020884182477649/TRCD/100/ORDP//NAME
/Hr T M Fiere/REMI/9056116373 7020884182477649 HB/PURP//CD/EPAY
/ISDT/2025-11-06
:61:251106C000000002046,72N100EREF//2937586
NL46INGB0000958619
:86:/EREF/05-11-2025 22:31 7020106594505756/TRCD/100/ORDP//NAME
/Mw MY Paulusma-Levie,Hr ir PH Paulusma/REMI/9056120905
 7020106594505756 EH/PURP//CD/EPAY/ISDT/2025-11-06
:61:251106C000000001356,60N100EREF//2937587
NL07INGB0654732434
:86:/EREF/05-11-2025 22:38 7020235382656767/TRCD/100/ORDP//NAME
/Mw I Harders/REMI/9056131570 7020235382656767 HH/PURP//CD/EPAY
/ISDT/2025-11-06
:61:251106C000000000119,80N100EREF//2937588
NL37INGB0002584210
:86:/EREF/05-11-2025 15:39 7020544503505774/TRCD/100/ORDP//NAME
/Hr HGMM Gommans,Mw PM Gommans-Hol/REMI/9055231149
 7020544503505774 LH/PURP//CD/EPAY/ISDT/2025-11-06
:61:251106C000000000738,92N100EREF//2937589
NL30INGB0654067473
:86:/EREF/05-11-2025 22:10 7020184194567874/TRCD/100/ORDP//NAME
/Mw MC Godijn, Hr PAP Vogel/REMI/9056086212 7020184194567874 AR
/PURP//CD/EPAY/ISDT/2025-11-06
:61:251106C000000000402,10N100EREF//2937590
NL52INGB0000671682
:86:/EREF/05-11-2025 17:06 7020155703567115/TRCD/100/ORDP//NAME
/Mw M G Meijer e/o Hr W S M Rottger/REMI/9055450276
 7020155703567115 HH/PURP//CD/EPAY/ISDT/2025-11-06
:61:251106C000000000597,19N100EREF//2937591
NL85INGB0003376321
:86:/EREF/05-11-2025 19:41 7020595685415696/TRCD/100/ORDP//NAME
/Hr H J B D Derksen en/of Mw M C R Daams/REMI/9055803340
 7020595685415696 HA/PURP//CD/EPAY/ISDT/2025-11-06
:61:251106C000000000193,50N100EREF//2937592
NL51INGB0672794691
:86:/EREF/05-11-2025 18:19 7020864788477505/TRCD/100/ORDP//NAME
/Mw CA Sibering/REMI/9055620493 7020864788477505 VM/PURP//CD
/EPAY/ISDT/2025-11-06
:61:251106C000000000493,32N100EREF//2937593
NL81ABNA0407457593
:86:/EREF/05-11-2025 20:04 7020084194476092/TRCD/100/ORDP//NAME
/H B J HESSELINK/REMI/9055840179 7020084194476092 PZ/PURP//CD
/EPAY/ISDT/2025-11-06
:61:251106C000000000144,40N541EREF//2937594
NL17INGB0008744264
:86:/EREF/2937594/TRCD/541/ORDP//NAME/L van Dijk/REMI/8285763
/ISDT/2025-11-06
:61:251106C000000001045,95N100EREF//2937595
NL19RBRB0978259920
:86:/EREF/2025-11-05T15:36 7020775409507430/TRCD/100/ORDP//NAME
/R.A.L.M. van Delft/REMI/9055203012 7020775409507430 HB/PURP//CD
/EPAY/ISDT/2025-11-06
:61:251106C000000000488,40N100EREF//2937596
NL25SNSB0958017298
:86:/EREF/2025-11-05T22:31 7020626309597184/TRCD/100/ORDP//NAME
/J.H. de Graaf e/o H. de Graaf-Sanders/REMI/9056123317
 7020626309597184 HH/PURP//CD/EPAY/ISDT/2025-11-06
:61:251106C000000000303,40N100EREF//2937597
NL72ABNA0409149241
:86:/EREF/05-11-2025 18:10 7020365100566611/TRCD/100/ORDP//NAME
/SC HORST CJ/REMI/9055599322 7020365100566611 ZV/PURP//CD/EPAY
/ISDT/2025-11-06
:61:251106C000000000501,85N100EREF//2937598
NL23INGB0006347868
:86:/EREF/05-11-2025 19:24 7020014185536437/TRCD/100/ORDP//NAME
/Hr A J van Zuylekom e/o Mw M Delwel/REMI/9055767517
 7020014185536437 PZ/PURP//CD/EPAY/ISDT/2025-11-06
:61:251106C000000000741,12N100EREF//2937599
NL54ABNA0615602134
:86:/EREF/05-11-2025 18:34 7020436009476914/TRCD/100/ORDP//NAME
/R KOOPMAN/REMI/9055654362 7020436009476914 EH/PURP//CD/EPAY
/ISDT/2025-11-06
:61:251106C000000000732,06N100EREF//2937600
NL80ABNA0881135674
:86:/EREF/05-11-2025 18:22 7020235688565084/TRCD/100/ORDP//NAME
/M A E NUIJENS/REMI/9055622679 7020235688565084 PZ/PURP//CD/EPAY
/ISDT/2025-11-06
:61:251106C000000000320,40N100EREF//2937601
NL28SNSB0928480259
:86:/EREF/2025-11-05T20:34 7020615094567796/TRCD/100/ORDP//NAME
/C. van Beek e/o M.B.C. Berbers/REMI/9055906179 7020615094567796
 LH/PURP//CD/EPAY/ISDT/2025-11-06
:61:251106C000000000100,00N100EREF//2937602
NL61SNSB0870887467
:86:/EREF/2025-11-05T19:53 7020095091686512/TRCD/100/ORDP//NAME
/B. Posthuma e/o R. Posthuma-van der Veen/REMI/9055824371
 7020095091686512 ZV/PURP//CD/EPAY/ISDT/2025-11-06
:61:251106C000000000335,22N100EREF//2937603
NL72SNSB0913956724
:86:/EREF/2025-11-05T22:19 7020295709566290/TRCD/100/ORDP//NAME
/K. de Vries/REMI/9056101052 7020295709566290 HE/PURP//CD/EPAY
/ISDT/2025-11-06
:61:251106C000000001247,48N100EREF//2937604
NL19BUNQ2095768434
:86:/EREF/05-11-2025 22:37 7020064203595639/TRCD/100/ORDP//NAME
/R. van Schaik/REMI/9056134168 7020064203595639 EH/PURP//CD/EPAY
/ISDT/2025-11-06
:61:251106C000000000483,60N100EREF//2937605
NL17BUNQ2141316081
:86:/EREF/06-11-2025 00:12 7020696000686068/TRCD/100/ORDP//NAME
/J.S. Drenten  R. Jongeneel CJ/REMI/9056260797 7020696000686068
 EP/PURP//CD/EPAY/ISDT/2025-11-06
:61:251106C000000000999,25N100EREF//2937606
NL98SNSB0938917072
:86:/EREF/2025-11-05T19:30 7020886900507895/TRCD/100/ORDP//NAME
/F. Bos/REMI/9055785088 7020886900507895 SR/PURP//CD/EPAY/ISDT
/2025-11-06
:61:251106C000000000537,24N100EREF//2937607
NL70ABNA0114871744
:86:/EREF/05-11-2025 20:09 7020984506415846/TRCD/100/ORDP//NAME
/A KONRAD/REMI/9055855284 7020984506415846 EH/PURP//CD/EPAY/ISDT
/2025-11-06
:61:251106C000000000123,00N100EREF//2937608
NL19ASNB0267315651
:86:/EREF/2025-11-05T14:42 7020204797447871/TRCD/100/ORDP//NAME
/J.N.L. de Vree-van der Starre/REMI/9055084499 7020204797447871
 LH/PURP//CD/EPAY/ISDT/2025-11-06
:61:251106C000000000669,60N100EREF//2937609
NL48ABNA0243512279
:86:/EREF/05-11-2025 15:36 7020464206626041/TRCD/100/ORDP//NAME
/HOORN M/REMI/9055218864 7020464206626041 HH/PURP//CD/EPAY/ISDT
/2025-11-06
:61:251106C000000001452,00N100EREF//2937610
NL51ABNA0848007301
:86:/EREF/05-11-2025 18:08 7020065400656473/TRCD/100/ORDP//NAME
/VOLKERS T/REMI/9055594105 7020065400656473 KV/PURP//CD/EPAY
/ISDT/2025-11-06
:61:251106C000000502460,52N541EREF//2937611
LU89751000135104200E
:86:/EREF/YYW1046002994708/TRCD/541/ORDP//NAME/PayPal Europe
 S.a.r.l. et Cie S.C.A/REMI/YYW1046002994708/PAYPAL/ISDT/2025-11
-06
:61:251106C000000001810,88N541EREF//2937612
BE14230027903583
:86:/EREF/2937612/TRCD/541/ORDP//NAME/PATRICK VAN HARCK/REMI
/490142/ISDT/2025-11-06
:61:251106C000000000579,60N100EREF//2937613
NL43ASNB0708375383
:86:/EREF/2025-11-05T18:27 7020026900537247/TRCD/100/ORDP//NAME
/S.J.P.H. Willems/REMI/9055637129 7020026900537247 MD/PURP//CD
/EPAY/ISDT/2025-11-06
:61:251106C000000000869,40N100EREF//2937614
NL96ABNA0860353621
:86:/EREF/05-11-2025 20:55 7020696885656722/TRCD/100/ORDP//NAME
/D KLAASSEN/REMI/9055945173 7020696885656722 HH/PURP//CD/EPAY
/ISDT/2025-11-06
:61:251106C000000000761,22N100EREF//2937615
NL69RABO0100965628
:86:/EREF/06-11-2025 08:50 7020255991594556/TRCD/100/ORDP//NAME
/P.C. Maaijen/REMI/9056694468 7020255991594556 SL xui-67169127
/PURP//CD/EPAY/ISDT/2025-11-06
:61:251106C000000000437,73N541EREF//2937616
NL15ABNA0460545329
:86:/EREF/2937616/TRCD/541/ORDP//NAME/CHM VAN DEN ENDEN/REMI
/boekingsnummer: 870798/ISDT/2025-11-06
:61:251106C000000001325,52N541EREF//2937617
NL69RABO0142517712
:86:/EREF/OO9B005180291487/PREF/OO9B005180291487/TRCD/541/ORDP/
/NAME/R.M.J.H. Verwijmeren/REMI/Boekingsnummer 8745802/ISDT/2025
-11-06
:61:251106C000000000654,22N100EREF//2937618
NL48RABO0319496627
:86:/EREF/06-11-2025 08:57 7020584503442873/TRCD/100/ORDP//NAME
/O. Tetorenko/REMI/9056706644 7020584503442873 PZ xui-66859470
/PURP//CD/EPAY/ISDT/2025-11-06
:61:251106C000000000120,00N541EREF//2937619
NL42ABNA0808248812
:86:/EREF/2937619/TRCD/541/ORDP//NAME/BRAS S/REMI/6373597/ISDT
/2025-11-06
:61:251106C000000000064,40N540FT//2937620
0000000000
:86:/EREF/FT283630049271/TRCD/540/ORDP//NAME/LAWRENCE MAXINE
/REMI/3837889/OCMT/GBP58,83/ISDT/2025-11-06
:61:251106C000000000468,50N100EREF//2937621
NL58RABO0373834586
:86:/EREF/06-11-2025 09:20 7020074503594319/TRCD/100/ORDP//NAME
/Q. Kammeijer eo M.B. Hutten/REMI/9056767468 7020074503594319 HH
 xui-35204830/PURP//CD/EPAY/ISDT/2025-11-06
:61:251106C000000001445,40N100EREF//2937622
NL69ABNA0477989322
:86:/EREF/06-11-2025 07:40 7020036282654127/TRCD/100/ORDP//NAME
/V VAN DER WEL/REMI/9056570758 7020036282654127 KV/PURP//CD/EPAY
/ISDT/2025-11-06
:61:251106C000000001420,81N100EREF//2937623
NL80ABNA0457220260
:86:/EREF/06-11-2025 07:30 7020144806474805/TRCD/100/ORDP//NAME
/S WENDERS/REMI/9056551669 7020144806474805 VM/PURP//CD/EPAY
/ISDT/2025-11-06
:61:251106C000000000263,60N100EREF//2937624
NL85KNAB0418298459
:86:/EREF/2025-11-05T05:02 7020145409686074/TRCD/100/ORDP//NAME
/L. Roodenburg en/of D. A./REMI/9055574691 7020145409686074 ZV
/PURP//CD/EPAY/ISDT/2025-11-06
:61:251106C000000000100,00N100EREF//2937625
NL69ABNA0542481421
:86:/EREF/06-11-2025 07:26 7020136297683167/TRCD/100/ORDP//NAME
/M SCHEPERS CJ/REMI/9056542428 7020136297683167 EP/PURP//CD/EPAY
/ISDT/2025-11-06
:61:251106C000000000488,80N100EREF//2937626
NL74ABNA0145722813
:86:/EREF/06-11-2025 07:24 7020716300683227/TRCD/100/ORDP//NAME
/M S STUIK/REMI/9056543306 7020716300683227 HH/PURP//CD/EPAY
/ISDT/2025-11-06
:61:251106C000000000006,00N100EREF//2937627
NL91ABNA0460181181
:86:/EREF/06-11-2025 07:48 7020664206473059/TRCD/100/ORDP//NAME
/RMCA DUPONT/REMI/9056577924 7020664206473059 TH/PURP//CD/EPAY
/ISDT/2025-11-06
:61:251106C000000000527,60N100EREF//2937628
NL61ABNA0558621880
:86:/EREF/06-11-2025 07:37 7020586291532315/TRCD/100/ORDP//NAME
/ESTHER REGINA MOLL CJ/REMI/9056561586 7020586291532315 KV/PURP/
/CD/EPAY/ISDT/2025-11-06
:61:251106C000000000190,80N100EREF//2937629
NL89INGB0007098236
:86:/EREF/06-11-2025 07:50 7020764809503521/TRCD/100/ORDP//NAME
/Hr A van Eck/REMI/9056577342 7020764809503521 HH/PURP//CD/EPAY
/ISDT/2025-11-06
:61:251106C000000000425,97N100EREF//2937630
NL27INGB0001816247
:86:/EREF/06-11-2025 07:45 7020505409472105/TRCD/100/ORDP//NAME
/Hr JS Kreukniet,Mw KGA Dodemont/REMI/9056571263
 7020505409472105 HA/PURP//CD/EPAY/ISDT/2025-11-06
:61:251106C000000000312,50N100EREF//2937631
NL26KNAB0255689691
:86:/EREF/2025-11-05T09:41 7020614782626269/TRCD/100/ORDP//NAME
/Keteldokter/REMI/9056139745 7020614782626269 VM/PURP//CD/EPAY
/ISDT/2025-11-06
:61:251106C000000000377,52N100EREF//2937632
NL73KNAB0608065595
:86:/EREF/2025-11-05T02:37 7020095085445894/TRCD/100/ORDP//NAME
/M. Maltha en/of M. K. Bras/REMI/9055226186 7020095085445894 KM
/PURP//CD/EPAY/ISDT/2025-11-06
:61:251106C000000057707,80N541EREF//2937633
SE7197810000000007308337
:86:/EREF/019a56a2fccb73fb97ceb6c6fe916d11/TRCD/541/ORDP//NAME
/Klarna Bank AB/REMI/137749623/ISDT/2025-11-06
:61:251106C000000002791,30N100EREF//2937634
NL91INGB0000168617
:86:/EREF/06-11-2025 07:26 7020605997563020/TRCD/100/ORDP//NAME
/Hr E Cassola,Mw IL Cassola-van der Burg/REMI/9056547974
 7020605997563020 VN/PURP//CD/EPAY/ISDT/2025-11-06
:61:251106C000000000047,50N100EREF//2937635
NL17INGB0432053913
:86:/EREF/06-11-2025 07:41 7020066903472819/TRCD/100/ORDP//NAME
/Hr AF Nobel,Mw MAJM van Dinter/REMI/9056568229 7020066903472819
 HB/PURP//CD/EPAY/ISDT/2025-11-06
:61:251106C000000000109,50N100EREF//2937636
NL12RABO0106879677
:86:/EREF/06-11-2025 09:26 7020644494593644/TRCD/100/ORDP//NAME
/E.J. van der Woude/REMI/9056778718 7020644494593644 KV xui
-43762885/PURP//CD/EPAY/ISDT/2025-11-06
:61:251106C000000000295,52N541EREF//2937637
NL37RABO0328186570
:86:/EREF/OO9B005180379425/PREF/OO9B005180379425/TRCD/541/ORDP/
/NAME/W.R. Warmerdam eo E. Warmerdam-van Vastenhoven/REMI
/Reservering  nr 916470/ISDT/2025-11-06
:61:251106C000000000623,80N541EREF//2937638
NL85RABO0124974295
:86:/EREF/OO9B005180403228/PREF/OO9B005180403228/TRCD/541/ORDP/
/NAME/Madelief Kraan/REMI/Reservering 1735887/ISDT/2025-11-06
:61:251106C000000000438,80N100EREF//2937639
NL34RABO0337602026
:86:/EREF/06-11-2025 09:38 7020675382562639/TRCD/100/ORDP//NAME
/K. Blom-Vinke eo R. Blom/REMI/9056809333 7020675382562639 HH
 xui-44745425/PURP//CD/EPAY/ISDT/2025-11-06
:61:251106C000000000248,00N100EREF//2937640
NL52RABO0172043751
:86:/EREF/06-11-2025 09:39 7020125409562117/TRCD/100/ORDP//NAME
/D.M. Lavoo/REMI/9056810354 7020125409562117 TH xui-30265907
/PURP//CD/EPAY/ISDT/2025-11-06
:61:251106C000000000357,00N541EREF//2937641
NL14INGB0109237773
:86:/EREF/2937641/TRCD/541/ORDP//NAME/Hr FML van de Pol/REMI
/4059060/ISDT/2025-11-06
:61:251106C000000000002,00N541EREF//2937642
NL14INGB0109237773
:86:/EREF/2937642/TRCD/541/ORDP//NAME/Hr FML van de Pol/ISDT
/2025-11-06
:61:251106C000000000066,25N100EREF//2937643
NL19RABO0311753930
:86:/EREF/06-11-2025 09:43 7020514194534094/TRCD/100/ORDP//NAME
/G.J. Verkade eo D. Dijkhuizen/REMI/9056819605 7020514194534094
 PZ xui-83119482/PURP//CD/EPAY/ISDT/2025-11-06
:61:251106C000000000101,88N100EREF//2937644
NL68RABO0144239965
:86:/EREF/06-11-2025 09:47 7020254809563506/TRCD/100/ORDP//NAME
/H.R. Stap/REMI/9056829483 7020254809563506 EH xui-58785606/PURP
//CD/EPAY/ISDT/2025-11-06
:61:251106C000000000346,00N541EREF//2937645
NL97ABNA0854567747
:86:/EREF/2937645/TRCD/541/ORDP//NAME/K GROENENBERGH/REMI
/reserveringsnummer 9446041/ISDT/2025-11-06
:61:251106C000000000915,36N541EREF//2937646
NL03INGB0007941356
:86:/EREF/2937646/TRCD/541/ORDP//NAME/Mw G van der Veen,Hr C
 Roels/REMI/Reserveringsnummer 3259111/ISDT/2025-11-06
:61:251106C000000000493,40N541EREF//2937647
NL40ABNA0610752774
:86:/EREF/2937647/TRCD/541/ORDP//NAME/A DE VRIES CJ/REMI
/reserveringen. 3272201/ISDT/2025-11-06
:61:251106C000000000075,00N100EREF//2937648
NL75RABO0344794032
:86:/EREF/06-11-2025 10:09 7020605091624361/TRCD/100/ORDP//NAME
/D.P.M. van Haen eo D.G.A. Aarts/REMI/9056883162
 7020605091624361 EP xui-74884274/PURP//CD/EPAY/ISDT/2025-11-06
:61:251106C000000000051,00N100EREF//2937649
NL05RABO0313984794
:86:/EREF/06-11-2025 10:14 7020016006503920/TRCD/100/ORDP//NAME
/R.A. Prinsen/REMI/9056896921 7020016006503920 HB xui-57392483
/PURP//CD/EPAY/ISDT/2025-11-06
:61:251106C000000003571,40N100EREF//2937650
NL23RABO0303153741
:86:/EREF/06-11-2025 10:16 7020674485504268/TRCD/100/ORDP//NAME
/C.S. Scholten/REMI/9056909901 7020674485504268 VN xui-90324181
/PURP//CD/EPAY/ISDT/2025-11-06
:61:251106C000000000012,75N100EREF//2937651
NL58RABO0326466576
:86:/EREF/06-11-2025 10:18 7020274200623887/TRCD/100/ORDP//NAME
/J.A. Rurenga eo M. Rurenga-v.d. Gaag/REMI/9056912120
 7020274200623887 HH xui-52318807/PURP//CD/EPAY/ISDT/2025-11-06
:61:251106C000000000520,20N100EREF//2937652
NL80INGB0005530490
:86:/EREF/06-11-2025 08:35 7020746000622525/TRCD/100/ORDP//NAME
/Hr T van Wijk, Mw YJ van Wijk-van Gerwen/REMI/9056664632
 7020746000622525 TH/PURP//CD/EPAY/ISDT/2025-11-06
:61:251106C000000000508,06N100EREF//2937653
NL71INGB0650501985
:86:/EREF/06-11-2025 08:49 7020464809684808/TRCD/100/ORDP//NAME
/Mw CW Venema,Hr T Daniels/REMI/9056694392 7020464809684808 AG
/PURP//CD/EPAY/ISDT/2025-11-06
:61:251106C000000000443,80N100EREF//2937654
NL13RABO0337630534
:86:/EREF/06-11-2025 10:26 7020506888683701/TRCD/100/ORDP//NAME
/D. Van den Eijnden/REMI/9056930218 7020506888683701 HB xui
-62685218/PURP//CD/EPAY/ISDT/2025-11-06
:61:251106C000000000288,32N100EREF//2937655
NL14RABO0314437525
:86:/EREF/06-11-2025 10:26 7020595691504325/TRCD/100/ORDP//NAME
/R. Bimmel/REMI/9056930233 7020595691504325 PZ xui-14377681/PURP
//CD/EPAY/ISDT/2025-11-06
:61:251106C000000000002,20N541EREF//2937656
NL88SNSB0871633493
:86:/EREF/2937656/TRCD/541/ORDP//NAME/L. Meerhof/REMI/boeknummer
 7392797/ISDT/2025-11-06
:61:251106C000000000199,00N100EREF//2937657
NL57RABO0308200039
:86:/EREF/06-11-2025 10:33 7020705703503791/TRCD/100/ORDP//NAME
/M.J.M. Derksen eo S. Wessels/REMI/9056947011 7020705703503791
 KV xui-71925020/PURP//CD/EPAY/ISDT/2025-11-06
:61:251106C000000000383,70N100EREF//2937658
NL79RABO0356570924
:86:/EREF/06-11-2025 10:37 7020956288473110/TRCD/100/ORDP//NAME
/J.J.G.M. van Meer/REMI/9056963807 7020956288473110 VN xui
-77059115/PURP//CD/EPAY/ISDT/2025-11-06
:61:251106C000000002085,80N100EREF//2937659
NL50RABO0105422150
:86:/EREF/06-11-2025 10:39 7020454182594754/TRCD/100/ORDP//NAME
/R.J. van der Mark/REMI/9056967005 7020454182594754 HB xui
-57802174/PURP//CD/EPAY/ISDT/2025-11-06
:61:251106C000000000617,20N100EREF//2937660
NL51RABO0149649185
:86:/EREF/06-11-2025 10:54 7020984488624538/TRCD/100/ORDP//NAME
/A.J.W.M. Roijackers/REMI/9056999762 7020984488624538 EP xui
-51809543/PURP//CD/EPAY/ISDT/2025-11-06
:61:251106C000000000848,48N100EREF//2937661
NL15RABO0363209883
:86:/EREF/06-11-2025 10:54 7020085706653542/TRCD/100/ORDP//NAME
/G. Pater/REMI/9057001759 7020085706653542 SL xui-15128068/PURP/
/CD/EPAY/ISDT/2025-11-06
:61:251106C000000000167,34N100EREF//2937662
NL31ABNA0548524041
:86:/EREF/06-11-2025 08:58 7020196285684898/TRCD/100/ORDP//NAME
/SANNE VAN MECHELEN/REMI/9056706829 7020196285684898 HA/PURP//CD
/EPAY/ISDT/2025-11-06
:61:251106C000000000584,69N100EREF//2937663
NL62ABNA0136918921
:86:/EREF/06-11-2025 08:26 7020636582563314/TRCD/100/ORDP//NAME
/R BLANS/REMI/9056644862 7020636582563314 EH/PURP//CD/EPAY/ISDT
/2025-11-06
:61:251106C000000000587,36N100EREF//2937664
NL34ABNA0466610203
:86:/EREF/06-11-2025 08:23 7020534791654031/TRCD/100/ORDP//NAME
/A GIJSE/REMI/9056639808 7020534791654031 EH/PURP//CD/EPAY/ISDT
/2025-11-06
:61:251106C000000000459,13N100EREF//2937665
NL27ABNA0115601279
:86:/EREF/06-11-2025 08:01 7020985700622231/TRCD/100/ORDP//NAME
/E TIMMERS CJ/REMI/9056599622 7020985700622231 SL/PURP//CD/EPAY
/ISDT/2025-11-06
:61:251106C000000000732,00N100EREF//2937666
NL34ABNA0112461263
:86:/EREF/06-11-2025 08:37 7020984782443377/TRCD/100/ORDP//NAME
/M BAKKER CJ/REMI/9056663449 7020984782443377 TH/PURP//CD/EPAY
/ISDT/2025-11-06
:61:251106C000000001074,20N100EREF//2937667
NL57ABNA0497116677
:86:/EREF/06-11-2025 08:15 7020265397443671/TRCD/100/ORDP//NAME
/K I M HULZENTOP/REMI/9056622138 7020265397443671 ZV/PURP//CD
/EPAY/ISDT/2025-11-06
:61:251106C000000000452,65N100EREF//2937668
NL56ABNA0456503765
:86:/EREF/06-11-2025 08:43 7020384794622813/TRCD/100/ORDP//NAME
/S ASSAGHIR/REMI/9056680543 7020384794622813 SR/PURP//CD/EPAY
/ISDT/2025-11-06
:61:251106C000000000371,96N100EREF//2937669
NL20ABNA0114449821
:86:/EREF/06-11-2025 08:58 7020166300414178/TRCD/100/ORDP//NAME
/L VAN DE WIEL CJ/REMI/9056712879 7020166300414178 HH/PURP//CD
/EPAY/ISDT/2025-11-06
:61:251106C000000001000,00N541EREF//2937670
DE17426501500001662618
:86:/EREF/2937670/TRCD/541/ORDP//NAME/Werner Schurmann/REMI
/6657922 schurmann DATUM 19.10.2025, 10.37 UHR DATUM 31.10.2025,
 16.36 UHR/ISDT/2025-11-06
:61:251106C000000000393,00N100EREF//2937671
NL31RABO0370343751
:86:/EREF/06-11-2025 10:58 7020515982532285/TRCD/100/ORDP//NAME
/A.G. Vijzelaar-Berkhout/REMI/9057009493 7020515982532285 HH xui
-13198539/PURP//CD/EPAY/ISDT/2025-11-06
:61:251106C000000000383,70N100EREF//2937672
NL68RABO0325585539
:86:/EREF/06-11-2025 10:59 7020655709652279/TRCD/100/ORDP//NAME
/J.J.G.M. van Meer/REMI/9057012064 7020655709652279 VN xui
-77059115/PURP//CD/EPAY/ISDT/2025-11-06
:61:251106C000000000012,50N100EREF//2937673
NL10RABO0126598843
:86:/EREF/06-11-2025 11:05 7020696909592024/TRCD/100/ORDP//NAME
/M.A.C. Moeskops/REMI/9057035165 7020696909592024 KV xui
-38955511/PURP//CD/EPAY/ISDT/2025-11-06
:61:251106C000000000035,00N100EREF//2937674
NL16RABO0352128585
:86:/EREF/06-11-2025 11:07 7020526288503791/TRCD/100/ORDP//NAME
/L. Cazemier eo M. Logtmeijer/REMI/9057038269 7020526288503791
 ZV xui-30245785/PURP//CD/EPAY/ISDT/2025-11-06
:61:251106C000000000614,38N541EREF//2937675
NL11RABO0156536323
:86:/EREF/OO9B005180694568/PREF/OO9B005180694568/TRCD/541/ORDP/
/NAME/T.A.P.G.H. Smits/REMI/Reserveringsnummer: 4237905/ISDT
/2025-11-06
:61:251106C000000000188,60N100EREF//2937676
NL96RABO0358051711
:86:/EREF/06-11-2025 11:09 7020945085412870/TRCD/100/ORDP//NAME
/G. Dorst en of C. Dorst-Vroegop/REMI/9057038339
 7020945085412870 KV xui-61309508/PURP//CD/EPAY/ISDT/2025-11-06
:61:251106C000000000037,20N100EREF//2937677
NL55RABO0355214326
:86:/EREF/06-11-2025 11:25 7020304497684325/TRCD/100/ORDP//NAME
/E. Sanders eo J.C. van der Linden/REMI/9057078362
 7020304497684325 HH xui-74894996/PURP//CD/EPAY/ISDT/2025-11-06
:61:251106C000000000530,66N100EREF//2937678
NL84RABO0106683314
:86:/EREF/06-11-2025 11:27 7020834782412882/TRCD/100/ORDP//NAME
/R.J. Abma/REMI/9057089588 7020834782412882 VM xui-14849723/PURP
//CD/EPAY/ISDT/2025-11-06
:61:251106C000000000018,50N541EREF//2937679
NL28INGB0003316043
:86:/EREF/2937679/TRCD/541/ORDP//NAME/De heer A de Jong en Mevr
 J D de Jong-Bakker/ISDT/2025-11-06
:61:251106C000000000398,20N100EREF//2937680
NL82RABO0159230675
:86:/EREF/06-11-2025 11:31 7020706303413332/TRCD/100/ORDP//NAME
/R.S. Looij eo B.J. Looij-Wittebol/REMI/9057100202
 7020706303413332 HH xui-32164188/PURP//CD/EPAY/ISDT/2025-11-06
:61:251106C000000000843,80N100EREF//2937681
NL07INGB0681897090
:86:/EREF/06-11-2025 09:52 7020084185502642/TRCD/100/ORDP//NAME
/Hr SJ Janssen, Mw ML van Hof/REMI/9056845715 7020084185502642
 MD/PURP//CD/EPAY/ISDT/2025-11-06
:61:251106C000000002002,52N100EREF//2937682
NL16INGB0008281010
:86:/EREF/06-11-2025 09:31 7020376588654697/TRCD/100/ORDP//NAME
/Hr AC de Bruin/REMI/9056786380 7020376588654697 NO/PURP//CD
/EPAY/ISDT/2025-11-06
:61:251106C000000000619,20N100EREF//2937683
NL68INGB0679998284
:86:/EREF/06-11-2025 09:45 7020766306444151/TRCD/100/ORDP//NAME
/Mw AC Hoebe/REMI/9056827179 7020766306444151 MD/PURP//CD/EPAY
/ISDT/2025-11-06
:61:251106C000000000034,00N100EREF//2937684
NL54INGB0796355371
:86:/EREF/06-11-2025 09:48 7020516582622789/TRCD/100/ORDP//NAME
/Mw N Stengs/REMI/9056835316 7020516582622789 EH/PURP//CD/EPAY
/ISDT/2025-11-06
:61:251106C000000000151,22N100EREF//2937685
NL47INGB0005263073
:86:/EREF/06-11-2025 09:29 7020554209652780/TRCD/100/ORDP//NAME
/Hr J P de Jager en Mw S K de Jager-Handojo/REMI/9056788692
 7020554209652780 AR/PURP//CD/EPAY/ISDT/2025-11-06
:61:251106C000000000445,12N100EREF//2937686
NL68INGB0003878990
:86:/EREF/06-11-2025 09:22 7020486288564220/TRCD/100/ORDP//NAME
/Mw E van de Mast/REMI/9056771914 7020486288564220 HA/PURP//CD
/EPAY/ISDT/2025-11-06
:61:251106C000000000074,16N100EREF//2937687
NL26INGB0005008050
:86:/EREF/06-11-2025 09:24 7020236294503506/TRCD/100/ORDP//NAME
/Hr F A M Benjaminsen en Mw M A Benjaminsen-Bimmel/REMI
/9056777658 7020236294503506 PZ/PURP//CD/EPAY/ISDT/2025-11-06
:61:251106C000000001327,32N100EREF//2937688
NL44RABO0188631380
:86:/EREF/06-11-2025 11:35 7020776285472513/TRCD/100/ORDP//NAME
/D. Bijl eo M.A.A. Jacobs/REMI/9057110572 7020776285472513 VM
 xui-25843974/PURP//CD/EPAY/ISDT/2025-11-06
:61:251106C000000000381,61N541EREF//2937689
NL84INGB0004680019
:86:/EREF/Bank gegevens 6079856/TRCD/541/ORDP//NAME/Mw A Gelling
-Boer/ISDT/2025-11-06
:61:251106C000000000536,36N541EREF//2937690
NL19INGB0670646717
:86:/EREF/boeking 10/11 tm 13/11 port zelande/TRCD/541/ORDP/
/NAME/Mw I Stegeman-Blik e/o Hr R B Stegeman/REMI
/reserveringsnummer 1108140/ISDT/2025-11-06
:61:251106C000000000744,00N541EREF//2937691
NL18TRIO0212469193
:86:/EREF/20251106115340TRIONL2UXXXE000038883/TRCD/541/ORDP/
/NAME/B.J.M. Mielekamp/REMI/Boekingsnummer 6849986/ISDT/2025-11
-06
:61:251106C000000001191,10N100EREF//2937692
NL98RABO0152062572
:86:/EREF/06-11-2025 11:52 7020026000504823/TRCD/100/ORDP//NAME
/S. Verburg/REMI/9057150321 7020026000504823 MD xui-25674300
/PURP//CD/EPAY/ISDT/2025-11-06
:61:251106C000000000263,88N100EREF//2937693
NL21ABNA0824289013
:86:/EREF/06-11-2025 09:15 7020705406502675/TRCD/100/ORDP//NAME
/DHJ GEENE CJ/REMI/9056760001 7020705406502675 EH/PURP//CD/EPAY
/ISDT/2025-11-06
:61:251106C000000000129,00N100EREF//2937694
NL35ABNA0136577482
:86:/EREF/06-11-2025 09:50 7020705703564991/TRCD/100/ORDP//NAME
/KJA SCHOBERS CJ/REMI/9056833379 7020705703564991 VM/PURP//CD
/EPAY/ISDT/2025-11-06
:61:251106C000000000118,80N100EREF//2937695
NL82ABNA0515074322
:86:/EREF/06-11-2025 09:15 7020735091684784/TRCD/100/ORDP//NAME
/R VAN DER AVOIRD/REMI/9056759950 7020735091684784 BK/PURP//CD
/EPAY/ISDT/2025-11-06
:61:251106C000000000008,70N100EREF//2937696
NL78ABNA0433221429
:86:/EREF/06-11-2025 09:17 7020555985593455/TRCD/100/ORDP//NAME
/JPM VAN AKKEREN CJ/REMI/9056758444 7020555985593455 MD/PURP//CD
/EPAY/ISDT/2025-11-06
:61:251106C000000000548,15N100EREF//2937697
NL14RABO0158860195
:86:/EREF/06-11-2025 11:58 7020514185623731/TRCD/100/ORDP//NAME
/M. van Adrighem/REMI/9057162762 7020514185623731 LH xui
-63591348/PURP//CD/EPAY/ISDT/2025-11-06
:61:251106C000000000401,00N541EREF//2937698
NL26RABO0197927408
:86:/EREF/OO9B005180886207/PREF/OO9B005180886207/TRCD/541/ORDP/
/NAME/N. van der Kodde eo R.E.E. van Empel/REMI
/Reserveringsnummer 4576567/ISDT/2025-11-06
:61:251106C000000000500,54N541EREF//2937699
NL37RABO0144917971
:86:/EREF/OO9B005180890699/PREF/OO9B005180890699/TRCD/541/ORDP/
/NAME/A.M. Kokke e.o. M.A.J. Kokke-Gommers/REMI/Reservering
 1895867/ISDT/2025-11-06
:61:251106C000000001616,61N541EREF//2937700
NL98DEUT0265294304
:86:/EREF/AMEXSCT95301676830533080340540T12/TRCD/541/ORDP//NAME
/AMERICAN EXPRESS PAYMENTS EUROPE/REMI/AMEX/SE9530167683/DT283
/GR1662.32/DI-45.71/CENTER PARCS EUROPE N V/VALKENSWAARD/ISDT
/2025-11-06
:61:251106C000000012158,17N541EREF//2937701
NL98DEUT0265294304
:86:/EREF/AMEXSCT95301676750533080340440T12/TRCD/541/ORDP//NAME
/AMERICAN EXPRESS PAYMENTS EUROPE/REMI/AMEX/SE9530167675/DT283
/GR12501.97/DI-343.80/CENTER PARCS EUROPE N V/VALKENSWAARD/ISDT
/2025-11-06
:61:251106C000000001047,49N541EREF//2937702
NL98DEUT0265294304
:86:/EREF/AMEXSCT95302044860533080348740T12/TRCD/541/ORDP//NAME
/AMERICAN EXPRESS PAYMENTS EUROPE/REMI/AMEX/SE9530204486/DT283
/GR1073.80/DI-26.31/CENTRE PARCS EUROPE N V/VALKENSWAARD/ISDT
/2025-11-06
:61:251106C000000000005,00N100EREF//2937703
NL33RABO0372473253
:86:/EREF/06-11-2025 12:07 7020245703442432/TRCD/100/ORDP//NAME
/S. Harthoorn/REMI/9057170973 7020245703442432 HB xui-92121992
/PURP//CD/EPAY/ISDT/2025-11-06
:61:251106C000000000141,40N100EREF//2937704
NL79RABO0118803263
:86:/EREF/06-11-2025 12:07 7020174191473677/TRCD/100/ORDP//NAME
/C.M. Suijkerbuijk/REMI/9057188567 7020174191473677 LH xui
-42605600/PURP//CD/EPAY/ISDT/2025-11-06
:61:251106C000000000250,00N100EREF//2937705
NL43RABO0146744179
:86:/EREF/06-11-2025 12:11 7020685997442549/TRCD/100/ORDP//NAME
/M. van Zanten/REMI/9057190512 7020685997442549 SL xui-56204517
/PURP//CD/EPAY/ISDT/2025-11-06
:61:251106C000000000104,00N100EREF//2937706
NL21RABO0371854512
:86:/EREF/06-11-2025 12:15 7020116606443446/TRCD/100/ORDP//NAME
/M.M. Pothof/REMI/9057208229 7020116606443446 HH xui-49458994
/PURP//CD/EPAY/ISDT/2025-11-06
:61:251106C000000000453,20N100EREF//2937707
NL69RABO0120785056
:86:/EREF/06-11-2025 12:18 7020296906442069/TRCD/100/ORDP//NAME
/R.G.M. Smits/REMI/9057218292 7020296906442069 HB xui-61662330
/PURP//CD/EPAY/ISDT/2025-11-06
:61:251106C000000000059,00N100EREF//2937708
NL98INGB0754593266
:86:/EREF/06-11-2025 10:33 7020216897622567/TRCD/100/ORDP//NAME
/Hr J B J Hendrikse/REMI/9056947263 7020216897622567 KV/PURP//CD
/EPAY/ISDT/2025-11-06
:61:251106C000000000496,00N100EREF//2937709
NL66INGB0002586210
:86:/EREF/06-11-2025 10:27 7020144797623524/TRCD/100/ORDP//NAME
/Hr J Gerritsen/REMI/9056931870 7020144797623524 TH/PURP//CD
/EPAY/ISDT/2025-11-06
:61:251106C000000000743,92N100EREF//2937710
NL62INGB0001865766
:86:/EREF/06-11-2025 10:32 7020475085684559/TRCD/100/ORDP//NAME
/Hr CH Berghouwer, Mw PRM Berghouwer-Blank/REMI/9056947163
 7020475085684559 KV/PURP//CD/EPAY/ISDT/2025-11-06
:61:251106C000000000076,50N100EREF//2937711
NL85INGB0002965526
:86:/EREF/06-11-2025 10:19 7020474191624865/TRCD/100/ORDP//NAME
/Hr DJC Imming,Mw A Brandjes/REMI/9056915567 7020474191624865 ZV
/PURP//CD/EPAY/ISDT/2025-11-06
:61:251106C000000000232,15N100EREF//2937712
NL53INGB0796848149
:86:/EREF/06-11-2025 10:27 7020065700414760/TRCD/100/ORDP//NAME
/Mw F Goudarzi/REMI/9056930395 7020065700414760 HB/PURP//CD/EPAY
/ISDT/2025-11-06
:61:251106C000000000135,84N100EREF//2937713
NL22INGB0756280397
:86:/EREF/06-11-2025 10:22 7020266597624739/TRCD/100/ORDP//NAME
/Mw QR de Haas/REMI/9056918433 7020266597624739 EH/PURP//CD/EPAY
/ISDT/2025-11-06
:61:251106C000000000016,00N100EREF//2937714
NL53INGB0007907088
:86:/EREF/06-11-2025 10:40 7020386582502063/TRCD/100/ORDP//NAME
/Mw JE Wilhelm/REMI/9056967143 7020386582502063 PZ/PURP//CD/EPAY
/ISDT/2025-11-06
:61:251106C000000000750,00N100EREF//2937715
NL83INGB0005466610
:86:/EREF/06-11-2025 10:19 7020424791534079/TRCD/100/ORDP//NAME
/Mw BA Hagan-Stegenga/REMI/9056905335 7020424791534079 TH/PURP/
/CD/EPAY/ISDT/2025-11-06
:61:251106C000000001415,17N100EREF//2937716
NL55INGB0003595596
:86:/EREF/06-11-2025 10:50 7020795106622945/TRCD/100/ORDP//NAME
/Mw OWE Paulus/REMI/9056995493 7020795106622945 EH/PURP//CD/EPAY
/ISDT/2025-11-06
:61:251106C000000000325,16N100EREF//2937717
NL11INGB0004884063
:86:/EREF/06-11-2025 10:16 7020106897534361/TRCD/100/ORDP//NAME
/S Ohm/REMI/9056903688 7020106897534361 EH/PURP//CD/EPAY/ISDT
/2025-11-06
:61:251106C000000000361,84N541EREF//2937718
NL52RABO0137411162
:86:/EREF/OO9B005180946395/PREF/OO9B005180946395/TRCD/541/ORDP/
/NAME/L.C. van den Boom eo A.M.C. v.d. Boom-Platenburg/REMI
/Reserveringsnummer 872756/ISDT/2025-11-06
:61:251106C000000004321,80N100EREF//2937719
NL95RABO0317306685
:86:/EREF/06-11-2025 12:21 7020925382414160/TRCD/100/ORDP//NAME
/J. Timmerman eo A.H.M. Timmerman-Kuijpers/REMI/9057222960
 7020925382414160 HH xui-86965344/PURP//CD/EPAY/ISDT/2025-11-06
:61:251106C000000000042,75N100EREF//2937720
NL84RABO0356626415
:86:/EREF/06-11-2025 12:25 7020765391473059/TRCD/100/ORDP//NAME
/D. Timmermans/REMI/9057232927 7020765391473059 EH xui-48642388
/PURP//CD/EPAY/ISDT/2025-11-06
:61:251106C000000001455,16N541EREF//2937721
NL54ABNA0508911737
:86:/EREF/2937721/TRCD/541/ORDP//NAME/A VAN DER STRAATEN CJ/REMI
/reserveringsnummer 4208170/ISDT/2025-11-06
:61:251106C000000000076,50N100EREF//2937722
NL41RABO0112994229
:86:/EREF/06-11-2025 12:27 7020885706534775/TRCD/100/ORDP//NAME
/A. Sloots/REMI/9057239312 7020885706534775 HH xui-14566058/PURP
//CD/EPAY/ISDT/2025-11-06
:61:251106C000000000485,55N100EREF//2937723
NL98RABO0131332023
:86:/EREF/06-11-2025 12:27 7020094809504256/TRCD/100/ORDP//NAME
/J.C. Tatipata eo J.C.A. Christophe/REMI/9057236016
 7020094809504256 SR xui-20079342/PURP//CD/EPAY/ISDT/2025-11-06
:61:251106C000000000350,12N100EREF//2937724
NL65RABO0117694029
:86:/EREF/06-11-2025 12:34 7020025685654913/TRCD/100/ORDP//NAME
/A.J.M. Kok/REMI/9057248888 7020025685654913 EH xui-32597477
/PURP//CD/EPAY/ISDT/2025-11-06
:61:251106C000000000025,50N100EREF//2937725
NL59RABO0198141572
:86:/EREF/06-11-2025 12:36 7020605394683800/TRCD/100/ORDP//NAME
/H.C. Dijkshoorn eo L. Kreft/REMI/9057254798 7020605394683800 HH
 xui-29139576/PURP//CD/EPAY/ISDT/2025-11-06
:61:251106C000000000043,80N100EREF//2937726
NL48RABO0383781825
:86:/EREF/06-11-2025 12:37 7020285109564130/TRCD/100/ORDP//NAME
/E.L. Buurma/REMI/9057261057 7020285109564130 KV xui-50299134
/PURP//CD/EPAY/ISDT/2025-11-06
:61:251106C000000000179,65N100EREF//2937727
NL50RABO0105422150
:86:/EREF/06-11-2025 12:49 7020376309474127/TRCD/100/ORDP//NAME
/R.J. van der Mark/REMI/9057289900 7020376309474127 HB xui
-57802174/PURP//CD/EPAY/ISDT/2025-11-06
:61:251106C000000000487,10N100EREF//2937728
NL03RABO0321783921
:86:/EREF/06-11-2025 12:48 7020584809682342/TRCD/100/ORDP//NAME
/R.A. Smith/REMI/9057282686 7020584809682342 HH xui-40009966
/PURP//CD/EPAY/ISDT/2025-11-06
:61:251106C000000000687,20N100EREF//2937729
NL43ASNB8831321447
:86:/EREF/2025-11-06T06:47 7020044803504340/TRCD/100/ORDP//NAME
/T. Oosterbaan e/o N. Kesseler/REMI/9056504851 7020044803504340
 HB/PURP//CD/EPAY/ISDT/2025-11-06
:61:251106C000000000391,22N100EREF//2937730
NL85ABNA0501962778
:86:/EREF/06-11-2025 10:53 7020016888443011/TRCD/100/ORDP//NAME
/A DE NOOIJER/REMI/9057001669 7020016888443011 AR/PURP//CD/EPAY
/ISDT/2025-11-06
:61:251106C000000000200,00N100EREF//2937731
NL42ABNA0872999610
:86:/EREF/06-11-2025 10:32 7020855394532063/TRCD/100/ORDP//NAME
/RJ GEEL/REMI/9056942481 7020855394532063 EH/PURP//CD/EPAY/ISDT
/2025-11-06
:61:251106C000000000408,64N100EREF//2937732
NL56REVO2173471015
:86:/EREF/06-11-2025 10:57 7020246885414121/TRCD/100/ORDP//NAME
/Annika Augustijn/REMI/9057160845 7020246885414121 PZ/PURP//CD
/EPAY/ISDT/2025-11-06
:61:251106C000000000139,50N100EREF//2937733
NL81ABNA0615402313
:86:/EREF/06-11-2025 10:43 7020474785684607/TRCD/100/ORDP//NAME
/E J STEVENS/REMI/9056967522 7020474785684607 EH/PURP//CD/EPAY
/ISDT/2025-11-06
:61:251106C000000000122,00N541EREF//2937734
NL48INGB0005966596
:86:/EREF/2937734/TRCD/541/ORDP//NAME/Mw B C Stroo/REMI
/reservering 8812098/ISDT/2025-11-06
:61:251106C000000000788,62N100EREF//2937735
NL51RABO0327051418
:86:/EREF/06-11-2025 12:56 7020075409564886/TRCD/100/ORDP//NAME
/H.G. Bruins/REMI/9057304159 7020075409564886 SR xui-29333228
/PURP//CD/EPAY/ISDT/2025-11-06
:61:251106C000000000719,62N100EREF//2937736
NL12RABO0327553901
:86:/EREF/06-11-2025 13:06 7020364197593011/TRCD/100/ORDP//NAME
/S.A.M. van Woudenbergh eo C.C.P.J. van Weert/REMI/9057331917
 7020364197593011 HB xui-59644206/PURP//CD/EPAY/ISDT/2025-11-06
:61:251106C000000000082,00N100EREF//2937737
NL04RABO0158169638
:86:/EREF/06-11-2025 13:09 7020185094683044/TRCD/100/ORDP//NAME
/D.C. Buytenhek/REMI/9057338410 7020185094683044 KV xui-48360963
/PURP//CD/EPAY/ISDT/2025-11-06
:61:251106C000000000265,20N100EREF//2937738
NL88RABO0301671478
:86:/EREF/06-11-2025 13:11 7020556597653899/TRCD/100/ORDP//NAME
/E.A. van der Vaart/REMI/9057342439 7020556597653899 ZV xui
-92114638/PURP//CD/EPAY/ISDT/2025-11-06
:61:251106C000000001487,80N100EREF//2937739
NL10RABO0147853192
:86:/EREF/06-11-2025 13:19 7020236603443896/TRCD/100/ORDP//NAME
/M. van der Hoest eo S.P.B.M. Cloosterman/REMI/9057360018
 7020236603443896 VN xui-91031598/PURP//CD/EPAY/ISDT/2025-11-06
:61:251106C000000000205,16N100EREF//2937740
NL37RABO0156906589
:86:/EREF/06-11-2025 13:22 7020556594622513/TRCD/100/ORDP//NAME
/S.R. Antonides/REMI/9057369547 7020556594622513 PZ xui-44868294
/PURP//CD/EPAY/ISDT/2025-11-06
:61:251106C000000000248,00N100EREF//2937741
NL77RABO0367965259
:86:/EREF/06-11-2025 13:22 7020644509594694/TRCD/100/ORDP//NAME
/D.M. Lavoo eo T. Onder de Linden/REMI/9057368121
 7020644509594694 TH xui-30265907/PURP//CD/EPAY/ISDT/2025-11-06
:61:251106C000000000039,95N100EREF//2937742
NL27RABO0373201443
:86:/EREF/06-11-2025 13:25 7020624209532909/TRCD/100/ORDP//NAME
/E. Schellevis eo M. Schellevis-Voois/REMI/9057373984
 7020624209532909 KV xui-10234492/PURP//CD/EPAY/ISDT/2025-11-06
:61:251106C000000002162,79N541EREF//2937743
NL06RABO0133020800
:86:/EREF/1410080/TRCD/541/ORDP//NAME/AB Werkt Service B.V./REMI
/Factuur 2025.2861399/001/ISDT/2025-11-06
:61:251106D000000140130,32N033EREF//2937744
IL560125620000000473599
:86:/EREF/2937744/TRCD/2033/BENM//NAME/B.D GRAIVER
 AVIATIONTRAVEL WHOLESALER LTD/REMI/1000304-346041589/ISDT/2025
-11-06
:61:251106D000000000812,88N586PREF
0000000000
:86:/PREF/C20251106-9181786923-PID-00001/TRCD/586/INIT//NAME
/Center Parcs Europe NV/ISDT/2025-11-06
:61:251106D000000000277,53N586PREF
0000000000
:86:/PREF/C20251106-6124594157-PID-00001/TRCD/586/INIT//NAME
/Center Parcs Europe NV/ISDT/2025-11-06
:61:251106D000000007640,33N586PREF
0000000000
:86:/PREF/C20251106-7922694239-PID-00001/TRCD/586/INIT//NAME
/Center Parcs Europe NV/ISDT/2025-11-06
:61:251106D000000025623,03N586PREF
0000000000
:86:/PREF/C20251106-5590805745-PID-00001/TRCD/586/INIT//NAME
/Center Parcs Europe NV/ISDT/2025-11-06
:61:251106D000000000035,00N544EREF//2937749
BE15750665950430
:86:/EREF/C20251106-2325491212-22350931325150/PREF/C20251106
-2325491212-PID-00001/TRCD/544/BENM//NAME/SALVATORE/REMI
/SALVATORE  2299 4731 107/ISDT/2025-11-06
:61:251106D000000000018,00N544EREF//2937750
NL85INGB0005340959
:86:/EREF/C20251106-2325491212-14961414096958/PREF/C20251106
-2325491212-PID-00001/TRCD/544/BENM//NAME/BRINK-OVERBEEK/REMI
/BRINK-OVERBEEK  36299 4731 107/ISDT/2025-11-06
:61:251106D000000000030,00N544EREF//2937751
NL85INGB0651973902
:86:/EREF/C20251106-2325491212-10580789686071/PREF/C20251106
-2325491212-PID-00001/TRCD/544/BENM//NAME/HEES/REMI/HEES  44299
 4731 107/ISDT/2025-11-06
:61:251106D000000000015,00N544EREF//2937752
BE16143091303474
:86:/EREF/C20251106-2325491212-61170892827749/PREF/C20251106
-2325491212-PID-00001/TRCD/544/BENM//NAME/CUSTINE/REMI/CUSTINE 
 48299 4731 107/ISDT/2025-11-06
:61:251106D000000000090,00N544EREF//2937753
BE45978600252089
:86:/EREF/C20251106-2325491212-99813558428681/PREF/C20251106
-2325491212-PID-00001/TRCD/544/BENM//NAME/CARNIER/REMI/CARNIER 
 35299 4731 107/ISDT/2025-11-06
:61:251106D000000000043,00N544EREF//2937754
BE30240017509211
:86:/EREF/C20251106-2325491212-10669707623906/PREF/C20251106
-2325491212-PID-00001/TRCD/544/BENM//NAME/DI GIOVANNI/REMI/DI
 GIOVANNI  93 1941 355/ISDT/2025-11-06
:61:251106D000000000100,00N544EREF//2937755
DE94370400440272903600
:86:/EREF/C20251106-8366261045-61923672891686/PREF/C20251106
-8366261045-PID-00001/TRCD/544/BENM//NAME/KULKE/REMI/KULKE 
 28299 4731 107/ISDT/2025-11-06
:61:251106D000000000030,00N544EREF//2937756
DE74600501017848006630
:86:/EREF/C20251106-8366261045-10457461583477/PREF/C20251106
-8366261045-PID-00001/TRCD/544/BENM//NAME/WESTPHAL/REMI/WESTPHAL
  28299 4731 107/ISDT/2025-11-06
:61:251106D000000000019,00N544EREF//2937757
DE70600690660222464003
:86:/EREF/C20251106-8366261045-80111637350168/PREF/C20251106
-8366261045-PID-00001/TRCD/544/BENM//NAME/WAGNER/REMI/WAGNER 
 28299 4731 107/ISDT/2025-11-06
:61:251106D000000000048,00N544EREF//2937758
DE97390500001072011313
:86:/EREF/C20251106-8366261045-34869701646076/PREF/C20251106
-8366261045-PID-00001/TRCD/544/BENM//NAME/PORRMANN/REMI/PORRMANN
  25299 4731 107/ISDT/2025-11-06
:61:251106D000000000057,00N544EREF//2937759
DE83120300001013099716
:86:/EREF/C20251106-8366261045-27039706063098/PREF/C20251106
-8366261045-PID-00001/TRCD/544/BENM//NAME/SCHULZ/REMI/SCHULZ 
 25299 4731 107/ISDT/2025-11-06
:61:251106D000000000024,65N544EREF//2937760
DE10587512300106047814
:86:/EREF/C20251106-8366261045-11097074905382/PREF/C20251106
-8366261045-PID-00001/TRCD/544/BENM//NAME/WOLFF/REMI/WOLFF 
 25299 4731 107/ISDT/2025-11-06
:61:251106D000000000872,95N544EREF//2937761
DE50440100460064504466
:86:/EREF/C20251106-8366261045-10595972849631/PREF/C20251106
-8366261045-PID-00001/TRCD/544/BENM//NAME/ERGO VERSICHERUNG ag
/REMI/ERGO VERSICHERUNGag - TURCO  92 1293 050/ISDT/2025-11-06
:61:251106D000000000127,50N544EREF//2937762
DE43641500200005041332
:86:/EREF/C20251106-8366261045-33096996178937/PREF/C20251106
-8366261045-PID-00001/TRCD/544/BENM//NAME/WIZEMANN/REMI/WIZEMANN
  28299 4731 107/ISDT/2025-11-06
:61:251106D000000000025,00N544EREF//2937763
DE84513610210004865235
:86:/EREF/C20251106-8366261045-13506845351445/PREF/C20251106
-8366261045-PID-00001/TRCD/544/BENM//NAME/CROMBACH/REMI/CROMBACH
  21 1564/ISDT/2025-11-06
:61:251106D000000000566,00N544EREF//2937764
CH3500790042591605934
:86:/EREF/C20251106-8366261045-45277737902393/PREF/C20251106
-8366261045-PID-00001/TRCD/544/BENM//NAME/ROCHAT/REMI/ROCHAT 
 80299 4731 107/ISDT/2025-11-06
:61:251106D000000000650,00N544EREF//2937765
DE76482501100009991647
:86:/EREF/C20251106-8366261045-55447975845442/PREF/C20251106
-8366261045-PID-00001/TRCD/544/BENM//NAME/CTS GRUPPEN
-STUDIENREISEN/REMI/CTS GRUPPEN-STUDIENREISEN  92 1564/ISDT/2025
-11-06
:61:251106D000000000100,00N544EREF//2937766
DE60604914300458448001
:86:/EREF/C20251106-8366261045-36451239404813/PREF/C20251106
-8366261045-PID-00001/TRCD/544/BENM//NAME/GRAU/REMI/GRAU  28299
 4731 107/ISDT/2025-11-06
:61:251106D000000000030,00N544EREF//2937767
DE68282400230320314800
:86:/EREF/C20251106-8366261045-92987233947416/PREF/C20251106
-8366261045-PID-00001/TRCD/544/BENM//NAME/KUPKA/REMI/KUPKA  25
 1941 355/ISDT/2025-11-06
:61:251106D000000000210,00N544EREF//2937768
DE18120300001072178542
:86:/EREF/C20251106-8366261045-10853989073071/PREF/C20251106
-8366261045-PID-00001/TRCD/544/BENM//NAME/KIMMIG/REMI/KIMMIG 
 28299 4731 107/ISDT/2025-11-06
:61:251106D000000000132,00N544EREF//2937769
DE53586601010000808077
:86:/EREF/C20251106-8366261045-20305337788924/PREF/C20251106
-8366261045-PID-00001/TRCD/544/BENM//NAME/MULLER/REMI/MULLER  22
 1941 355/ISDT/2025-11-06
:61:251106D000000000064,00N544EREF//2937770
DE87370501981934064971
:86:/EREF/C20251106-8366261045-46780997970487/PREF/C20251106
-8366261045-PID-00001/TRCD/544/BENM//NAME/MARCUZZI/REMI/MARCUZZI
  25299 4731 107/ISDT/2025-11-06
:61:251106D000000000057,90N544EREF//2937771
DE94500105175427462880
:86:/EREF/C20251106-8366261045-94118042424931/PREF/C20251106
-8366261045-PID-00001/TRCD/544/BENM//NAME/GOLLNAU/REMI/GOLLNAU 
 22299 4731 107/ISDT/2025-11-06
:61:251106D000000000445,34N544EREF//2937772
NL17RABO0189241705
:86:/EREF/C20251106-1154717983-35712217708521/PREF/C20251106
-1154717983-PID-00001/TRCD/544/BENM//NAME/N. Wortelboer/REMI/BN
 5014275/ISDT/2025-11-06
:61:251106D000000003120,83N586PREF
0000000000
:86:/PREF/C20251106-9352871249-PID-00001/TRCD/586/INIT//NAME
/Center Parcs Europe NV/ISDT/2025-11-06
:61:251106D000000010934,55N544EREF//2937774
NL62INGB0000820300
:86:/EREF/C20251106-1154717983-13453089205348/PREF/C20251106
-1154717983-PID-00001/TRCD/544/BENM//NAME/ING accounts payable
/REMI/1000374-0346041584/ISDT/2025-11-06
:61:251106D000000001562,30N544EREF//2937775
FR7630003040250002033186159
:86:/EREF/C20251106-1154717983-56551337467297/PREF/C20251106
-1154717983-PID-00001/TRCD/544/BENM//NAME/VENTE PRIVEE.COM/REMI
/368002718-1014296/ISDT/2025-11-06
:61:251106D000000000396,20N544EREF//2937776
BE87063750427094
:86:/EREF/C20251106-1154717983-11520259120138/PREF/C20251106
-1154717983-PID-00001/TRCD/544/BENM//NAME/DORIEN BEYENS/REMI/BN
 1999945/ISDT/2025-11-06
:61:251106D000000020667,65N586PREF
0000000000
:86:/PREF/C20251106-6733626590-PID-00001/TRCD/586/INIT//NAME
/Center Parcs Europe NV/ISDT/2025-11-06
:61:251106C000000000011,20N593EREF//2937778
NL90RABO0304099546
:86:/EREF/C20251106-6733626590-23229973306164/TRCD/593/RTRN/AC04
/ORDP//NAME/BERKEL/REMI/BN 2254175/ISDT/2025-11-06
:61:251106C000000000345,20N100EREF//2937779
NL56INGB0008686526
:86:/EREF/06-11-2025 11:35 7020556900594943/TRCD/100/ORDP//NAME
/Mw L C Draaijer/REMI/9057102063 7020556900594943 HB/PURP//CD
/EPAY/ISDT/2025-11-06
:61:251106C000000000030,00N100EREF//2937780
NL18INGB0008935433
:86:/EREF/06-11-2025 11:27 7020024791564688/TRCD/100/ORDP//NAME
/Mw C Ghannam-van Os/REMI/9057089449 7020024791564688 EH/PURP/
/CD/EPAY/ISDT/2025-11-06
:61:251106C000000000342,40N100EREF//2937781
NL04INGB0005902398
:86:/EREF/06-11-2025 10:58 7020214494683422/TRCD/100/ORDP//NAME
/Mw S Sikkema/REMI/9057005556 7020214494683422 SR/PURP//CD/EPAY
/ISDT/2025-11-06
:61:251106C000000000177,16N100EREF//2937782
NL25INGB0005932575
:86:/EREF/06-11-2025 11:20 7020856303683512/TRCD/100/ORDP//NAME
/Hr F C W Palmen en/of Mw T H J Palmen-Doornbos/REMI/9057062730
 7020856303683512 PZ/PURP//CD/EPAY/ISDT/2025-11-06
:61:251106C000000001185,35N100EREF//2937783
NL84INGB0003481778
:86:/EREF/06-11-2025 11:14 7020294800563245/TRCD/100/ORDP//NAME
/Hr HGW van den Bighelaar, N van Geffen/REMI/9057047736
 7020294800563245 SL/PURP//CD/EPAY/ISDT/2025-11-06
:61:251106C000000000199,90N100EREF//2937784
NL02INGB0005678461
:86:/EREF/06-11-2025 11:49 7020464491623098/TRCD/100/ORDP//NAME
/Hr S Speksnijder-Bruinsma/REMI/9057146790 7020464491623098 EH
/PURP//CD/EPAY/ISDT/2025-11-06
:61:251106C000000000353,35N100EREF//2937785
NL08INGB0798829699
:86:/EREF/06-11-2025 11:22 7020866885502483/TRCD/100/ORDP//NAME
/Mw PJ Jalving-Meiling/REMI/9057072479 7020866885502483 SR/PURP/
/CD/EPAY/ISDT/2025-11-06
:61:251106C000000000463,20N100EREF//2937786
NL44INGB0007318072
:86:/EREF/06-11-2025 11:51 7020916906653044/TRCD/100/ORDP//NAME
/Mw NCJGM Frijns/REMI/9057150076 7020916906653044 HB/PURP//CD
/EPAY/ISDT/2025-11-06
:61:251106C000000000285,20N100EREF//2937787
NL94INGB0003367623
:86:/EREF/06-11-2025 11:49 7020765085444652/TRCD/100/ORDP//NAME
/Mw WGM Ligthart/REMI/9057144935 7020765085444652 MD/PURP//CD
/EPAY/ISDT/2025-11-06
:61:251106C000000001674,60N100EREF//2937788
NL51RABO0109629701
:86:/EREF/06-11-2025 13:36 7020806885622636/TRCD/100/ORDP//NAME
/C. van Hattum/REMI/9057394905 7020806885622636 EH xui-18495918
/PURP//CD/EPAY/ISDT/2025-11-06
:61:251106C000000000602,24N541EREF//2937789
NL46RABO0149096666
:86:/EREF/OO9B005181220695/PREF/OO9B005181220695/TRCD/541/ORDP/
/NAME/J. Stienstra eo G. Stienstra-Woppenkamp/REMI
/Reserveringsnummer 6712188/ISDT/2025-11-06
:61:251106C000000000050,00N100EREF//2937790
NL12RABO0168887606
:86:/EREF/06-11-2025 13:45 7020414503442810/TRCD/100/ORDP//NAME
/P.M. de Beer/REMI/9057417089 7020414503442810 HB xui-53686979
/PURP//CD/EPAY/ISDT/2025-11-06
:61:251106C000000000676,40N541EREF//2937791
NL35INGB0004025375
:86:/EREF/2937791/TRCD/541/ORDP//NAME/Hr E G W Booltink en Mw K
 B Booltink-Jansen/REMI/Boekingsnummer 8648535 familie Booltink
/ISDT/2025-11-06
:61:251106C000000000636,60N100EREF//2937792
NL96RBRB0706433688
:86:/EREF/2025-11-06T08:50 7020356597622759/TRCD/100/ORDP//NAME
/L.T. Zuidweg/REMI/9056696765 7020356597622759 ZV/PURP//CD/EPAY
/ISDT/2025-11-06
:61:251106C000000000802,20N100EREF//2937793
NL51ABNA0809433796
:86:/EREF/06-11-2025 11:43 7020735082442420/TRCD/100/ORDP//NAME
/VELDE L S G VD/REMI/9057131483 7020735082442420 KV/PURP//CD
/EPAY/ISDT/2025-11-06
:61:251106C000000000300,24N100EREF//2937794
NL58ABNA0248320971
:86:/EREF/06-11-2025 11:10 7020636294563731/TRCD/100/ORDP//NAME
/NATASJA VAN DEN HOUT CJ/REMI/9057049762 7020636294563731 SR
/PURP//CD/EPAY/ISDT/2025-11-06
:61:251106C000000000035,00N100EREF//2937795
NL45ABNA0547824807
:86:/EREF/06-11-2025 11:20 7020455085533305/TRCD/100/ORDP//NAME
/E VAN BEERS/REMI/9057067856 7020455085533305 VN/PURP//CD/EPAY
/ISDT/2025-11-06
:61:251106C000000000855,24N100EREF//2937796
NL45RBRB0205068863
:86:/EREF/2025-11-06T08:36 7020475997654838/TRCD/100/ORDP//NAME
/H.A. van Blitterswijk e/o H.L.H. van Blitterswijk-van Kalkeren
/REMI/9056664858 7020475997654838 HB/PURP//CD/EPAY/ISDT/2025-11
-06
:61:251106C000000000390,60N100EREF//2937797
NL78RABO0357520378
:86:/EREF/06-11-2025 14:00 7020885988563572/TRCD/100/ORDP//NAME
/L. Hogenes/REMI/9057453635 7020885988563572 HB xui-88719822
/PURP//CD/EPAY/ISDT/2025-11-06
:61:251106C000000000198,00N100EREF//2937798
NL74RABO0140995110
:86:/EREF/06-11-2025 14:06 7020156000623590/TRCD/100/ORDP//NAME
/J.A. Vervloed eo J.A. Vervloed-van Huizen/REMI/9057466980
 7020156000623590 HB xui-87456730/PURP//CD/EPAY/ISDT/2025-11-06
:61:251106C000000000755,80N100EREF//2937799
NL95RABO0348106513
:86:/EREF/06-11-2025 14:05 7020005697533185/TRCD/100/ORDP//NAME
/Ski-Inn Dronten/REMI/9057454162 7020005697533185 EH xui
-68639378/PURP//CD/EPAY/ISDT/2025-11-06
:61:251106C000000000198,00N100EREF//2937800
NL74RABO0140995110
:86:/EREF/06-11-2025 14:13 7020166603443155/TRCD/100/ORDP//NAME
/J.A. Vervloed eo J.A. Vervloed-van Huizen/REMI/9057488421
 7020166603443155 HB xui-87456730/PURP//CD/EPAY/ISDT/2025-11-06
:61:251106C000000000020,00N100EREF//2937801
NL39RABO0156352974
:86:/EREF/06-11-2025 14:21 7020286600532081/TRCD/100/ORDP//NAME
/H.A.J. Pennings eo D.M. Pennings/REMI/9057509250
 7020286600532081 VM xui-35819369/PURP//CD/EPAY/ISDT/2025-11-06
:61:251106C000000000349,72N100EREF//2937802
NL81RABO0105308684
:86:/EREF/06-11-2025 14:22 7020686000502774/TRCD/100/ORDP//NAME
/L.J.H.M. Evers eo A.M.W. Evers-Hendriks/REMI/9057509391
 7020686000502774 MD xui-44556933/PURP//CD/EPAY/ISDT/2025-11-06
:61:251106C000000000015,00N100EREF//2937803
NL64INGB0673085651
:86:/EREF/06-11-2025 12:07 7020464209592093/TRCD/100/ORDP//NAME
/Mw NGJ Costermans,Hr BP Bommel/REMI/9057188565 7020464209592093
 MD/PURP//CD/EPAY/ISDT/2025-11-06
:61:251106C000000054305,46N541EREF//2937804
NL72INGB0664826830
:86:/EREF/CF 78033600/TRCD/541/ORDP//NAME/TUI Nederland
 N.V.t.a.v. Adm. Touroperating/REMI/Zie onze brief/ISDT/2025-11
-06
:61:251106C000000000309,20N100EREF//2937805
NL67INGB0004719513
:86:/EREF/06-11-2025 12:53 7020675103413992/TRCD/100/ORDP//NAME
/Hr C van Alphen en/of Mw S Weber-V Alphen/REMI/9057300503
 7020675103413992 LH/PURP//CD/EPAY/ISDT/2025-11-06
:61:251106C000000000481,34N100EREF//2937806
NL67INGB0007285745
:86:/EREF/06-11-2025 12:54 7020365409533908/TRCD/100/ORDP//NAME
/Mw JC Denneman-te Loo/REMI/9057296971 7020365409533908 HE/PURP/
/CD/EPAY/ISDT/2025-11-06
:61:251106C000000000063,75N100EREF//2937807
NL80INGB0000510934
:86:/EREF/06-11-2025 12:18 7020335697654262/TRCD/100/ORDP//NAME
/Mw AD Redegeld/REMI/9057214553 7020335697654262 HH/PURP//CD
/EPAY/ISDT/2025-11-06
:61:251106C000000000908,40N100EREF//2937808
NL85INGB0003151184
:86:/EREF/06-11-2025 12:02 7020744194594913/TRCD/100/ORDP//NAME
/Hr GC Bos, Mw A Bos-van Ewijk/REMI/9057171727 7020744194594913
 ZV/PURP//CD/EPAY/ISDT/2025-11-06
:61:251106C000000000132,48N100EREF//2937809
NL58RABO0148500870
:86:/EREF/06-11-2025 14:32 7020344197622141/TRCD/100/ORDP//NAME
/R. Buck eo L.A. Buck-de Boer/REMI/9057524831 7020344197622141
 AR xui-93929964/PURP//CD/EPAY/ISDT/2025-11-06
:61:251106C000000000643,80N100EREF//2937810
NL82RABO0324041144
:86:/EREF/06-11-2025 14:32 7020524785593536/TRCD/100/ORDP//NAME
/M. Stavast eo T. Stavast-Veenman/REMI/9057532412
 7020524785593536 PZ xui-30603034/PURP//CD/EPAY/ISDT/2025-11-06
:61:251106C000000000498,80N100EREF//2937811
NL45RABO0321388860
:86:/EREF/06-11-2025 14:41 7020564800443749/TRCD/100/ORDP//NAME
/S.S.C. Verschoor/REMI/9057548757 7020564800443749 HH xui
-77971547/PURP//CD/EPAY/ISDT/2025-11-06
:61:251106C000000000446,85N100EREF//2937812
NL77RABO0345500350
:86:/EREF/06-11-2025 14:42 7020926882533482/TRCD/100/ORDP//NAME
/A.J.S. Janssen/REMI/9057556349 7020926882533482 MD xui-90753399
/PURP//CD/EPAY/ISDT/2025-11-06
:61:251106C000000000564,90N100EREF//2937813
NL34ABNA0906838592
:86:/EREF/06-11-2025 12:43 7020635688473242/TRCD/100/ORDP//NAME
/HAZEWINKEL G E/REMI/9057276640 7020635688473242 SR/PURP//CD
/EPAY/ISDT/2025-11-06
:61:251106C000000000494,08N100EREF//2937814
NL65ABNA0807880671
:86:/EREF/06-11-2025 12:57 7020735097412741/TRCD/100/ORDP//NAME
/EDJ SEMEDO TAVARES/REMI/9057304172 7020735097412741 EH/PURP//CD
/EPAY/ISDT/2025-11-06
:61:251106C000000000000,25N100EREF//2937815
NL88SNSB0871633493
:86:/EREF/2025-11-06T10:06 7020274800624364/TRCD/100/ORDP//NAME
/L. Meerhof/REMI/9056875745 7020274800624364 VM/PURP//CD/EPAY
/ISDT/2025-11-06
:61:251106C000000000072,32N100EREF//2937816
NL85ABNA0593329503
:86:/EREF/06-11-2025 12:26 7020684788683053/TRCD/100/ORDP//NAME
/S SEWDIEN/REMI/9057237514 7020684788683053 EH/PURP//CD/EPAY
/ISDT/2025-11-06
:61:251106C000000000209,96N100EREF//2937817
NL65ABNA0825598206
:86:/EREF/06-11-2025 12:27 7020654185653839/TRCD/100/ORDP//NAME
/R DIEDERICH/REMI/9057235924 7020654185653839 KM/PURP//CD/EPAY
/ISDT/2025-11-06
:61:251106C000000000458,20N100EREF//2937818
NL37ABNA0578602954
:86:/EREF/06-11-2025 12:33 7020686585592651/TRCD/100/ORDP//NAME
/TJ VAN RIJN CJ/REMI/9057248786 7020686585592651 HB/PURP//CD
/EPAY/ISDT/2025-11-06
:61:251106C000000000645,96N100EREF//2937819
NL44ABNA0522462235
:86:/EREF/06-11-2025 12:00 7020826594472243/TRCD/100/ORDP//NAME
/AJJM AKKERMANS CJ/REMI/9057170614 7020826594472243 HA/PURP//CD
/EPAY/ISDT/2025-11-06
:61:251106C000000000341,73N100EREF//2937820
NL56ABNA0514884282
:86:/EREF/06-11-2025 12:53 7020014209472600/TRCD/100/ORDP//NAME
/RUDI TUIJN/REMI/9057295673 7020014209472600 PZ/PURP//CD/EPAY
/ISDT/2025-11-06
:61:251106C000000000724,90N100EREF//2937821
NL66ABNA0527581305
:86:/EREF/06-11-2025 12:42 7020984485444379/TRCD/100/ORDP//NAME
/NAJ VOS/REMI/9057265504 7020984485444379 SL/PURP//CD/EPAY/ISDT
/2025-11-06
:61:251106C000000000619,40N541EREF//2937822
NL29RABO0339955627
:86:/EREF/OO9B005181454416/PREF/OO9B005181454416/TRCD/541/ORDP/
/NAME/Snowsports Academy B.V./REMI/Factnr 2025.1552810/001.
 Verblijf van 17-11-2025 t/m 21-11-2025/ISDT/2025-11-06
:61:251106C000000000595,40N541EREF//2937823
NL29RABO0339955627
:86:/EREF/OO9B005181454417/PREF/OO9B005181454417/TRCD/541/ORDP/
/NAME/Snowsports Academy B.V./REMI/Factnr 2025.1560081/001.
 Verblijf van 24-11-2025 t/m 28-11-2025/ISDT/2025-11-06
:61:251106C000000000258,00N100EREF//2937824
NL16RABO0148205097
:86:/EREF/06-11-2025 14:59 7020135397564607/TRCD/100/ORDP//NAME
/J.E.M. Swinkels eo A.M.H. Swinkels-van de Gevel/REMI/9057589539
 7020135397564607 AR xui-59397762/PURP//CD/EPAY/ISDT/2025-11-06
:61:251106C000000000753,30N100EREF//2937825
NL78RABO0102292620
:86:/EREF/06-11-2025 14:59 7020645100562261/TRCD/100/ORDP//NAME
/A.M.E. van Zwolgen eo J.H. van Zwolgen-van Ooijen/REMI
/9057586514 7020645100562261 KV xui-58160523/PURP//CD/EPAY/ISDT
/2025-11-06
:61:251106C000000000085,90N100EREF//2937826
NL08RABO0177884525
:86:/EREF/06-11-2025 15:08 7020034509624916/TRCD/100/ORDP//NAME
/N.J.C. Kranen eo J.M. Sieben/REMI/9057618799 7020034509624916
 MD xui-92716175/PURP//CD/EPAY/ISDT/2025-11-06
:61:251106C000000001695,51N541EREF//2937827
NL41ABNA0405140886
:86:/EREF/2937827/TRCD/541/ORDP//NAME/A HUITING/REMI
/boekingsnr.7921638, tbv huisje 131 op Heijderbos van 20-2-2026
 tot en met 27-2-2026./ISDT/2025-11-06
:61:251106C000000000359,16N541EREF//2937828
BE44738038152445
:86:/EREF/2937828/TRCD/541/ORDP//NAME/VANDEKERCKHOVE MELISSA
/REMI/1368738/ISDT/2025-11-06
:61:251106C000000000398,96N100EREF//2937829
NL67RABO0112780555
:86:/EREF/06-11-2025 15:22 7020014788412096/TRCD/100/ORDP//NAME
/W.A.M. van Tiem eo W.C.M. van Tiem-Willemsen/REMI/9057651827
 7020014788412096 ZV xui-19971560/PURP//CD/EPAY/ISDT/2025-11-06
:61:251106C000000001326,00N100EREF//2937830
NL04INGB0003542679
:86:/EREF/06-11-2025 13:10 7020676882503173/TRCD/100/ORDP//NAME
/Hr HAA Mom,Mw CH Mom-Hak/REMI/9057334950 7020676882503173 LH
/PURP//CD/EPAY/ISDT/2025-11-06
:61:251106C000000000884,07N100EREF//2937831
NL49INGB0797910468
:86:/EREF/06-11-2025 13:06 7020415091532234/TRCD/100/ORDP//NAME
/Mw IT Lieffering, Hr M Stijger/REMI/9057330870 7020415091532234
 HE/PURP//CD/EPAY/ISDT/2025-11-06
:61:251106C000000000617,50N100EREF//2937832
NL90INGB0006623985
:86:/EREF/06-11-2025 12:56 7020634203682828/TRCD/100/ORDP//NAME
/Mw K Kuyp/REMI/9057304104 7020634203682828 LH/PURP//CD/EPAY
/ISDT/2025-11-06
:61:251106C000000000228,11N100EREF//2937833
NL16INGB0008157335
:86:/EREF/06-11-2025 13:27 7020185394563161/TRCD/100/ORDP//NAME
/Mw FCA Vis/REMI/9057368716 7020185394563161 PZ/PURP//CD/EPAY
/ISDT/2025-11-06
:61:251106C000000000487,07N100EREF//2937834
NL04INGB0749456965
:86:/EREF/06-11-2025 13:07 7020136009623302/TRCD/100/ORDP//NAME
/Hr H Bangma/REMI/9057326362 7020136009623302 PZ/PURP//CD/EPAY
/ISDT/2025-11-06
:61:251106C000000000430,00N100EREF//2937835
NL16INGB0006995760
:86:/EREF/06-11-2025 13:06 7020914485503326/TRCD/100/ORDP//NAME
/We Create Solutions B.V./REMI/9057326251 7020914485503326 TH
/PURP//CD/EPAY/ISDT/2025-11-06
:61:251106C000000000454,40N100EREF//2937836
NL44INGB0705206106
:86:/EREF/06-11-2025 13:29 7020944194442375/TRCD/100/ORDP//NAME
/Hr SHJ van der Kleij, Mw I Lagendijk/REMI/9057380193
 7020944194442375 MD/PURP//CD/EPAY/ISDT/2025-11-06
:61:251106C000000001428,32N100EREF//2937837
NL92INGB0004221065
:86:/EREF/06-11-2025 13:20 7020386603624796/TRCD/100/ORDP//NAME
/Hr M H vd Scheer en Mw P J M vd Scheer-van Beek/REMI/9057355905
 7020386603624796 VM/PURP//CD/EPAY/ISDT/2025-11-06
:61:251106C000000000649,25N100EREF//2937838
NL92INGB0652401643
:86:/EREF/06-11-2025 13:00 7020764191444349/TRCD/100/ORDP//NAME
/Hr PJG van Gastel, Mw SGM Scharrenborg/REMI/9057317305
 7020764191444349 KV/PURP//CD/EPAY/ISDT/2025-11-06
:61:251106C000000000254,20N100EREF//2937839
NL21INGB0682998176
:86:/EREF/06-11-2025 13:49 7020985691533236/TRCD/100/ORDP//NAME
/Hr N Butter/REMI/9057429885 7020985691533236 MD/PURP//CD/EPAY
/ISDT/2025-11-06
:61:251106C000000000168,70N100EREF//2937840
NL59INGB0634740962
:86:/EREF/06-11-2025 13:53 7020156285534055/TRCD/100/ORDP//NAME
/Hr RMM Ruijs/REMI/9057439837 7020156285534055 LH/PURP//CD/EPAY
/ISDT/2025-11-06
:61:251106C000000002000,00N541EREF//2937841
NL45INGB0799779148
:86:/EREF/15125310000077450/TRCD/541/ORDP//NAME/Hr HW van
 Bruggen/REMI/RESERVERING 1145009/ISDT/2025-11-06
:61:251106C000000000765,92N100EREF//2937842
NL43INGB0747883505
:86:/EREF/06-11-2025 13:49 7020535385443962/TRCD/100/ORDP//NAME
/Hr RHJ Krabbe/REMI/9057425799 7020535385443962 LH/PURP//CD/EPAY
/ISDT/2025-11-06
:61:251106C000000000097,38N100EREF//2937843
NL97ABNA0468429662
:86:/EREF/06-11-2025 13:20 7020255097504163/TRCD/100/ORDP//NAME
/RJM MAASWINKEL/REMI/9057358210 7020255097504163 PZ/PURP//CD
/EPAY/ISDT/2025-11-06
:61:251106C000000000361,86N100EREF//2937844
NL75ABNA0474973387
:86:/EREF/06-11-2025 13:57 7020836888503692/TRCD/100/ORDP//NAME
/VIDO SCHILDERWERKEN BV/REMI/9057441769 7020836888503692 KM/PURP
//CD/EPAY/ISDT/2025-11-06
:61:251106C000000001486,96N100EREF//2937845
NL86ABNA0800020383
:86:/EREF/06-11-2025 13:35 7020235709592609/TRCD/100/ORDP//NAME
/MARYS D/REMI/9057395801 7020235709592609 PZ/PURP//CD/EPAY/ISDT
/2025-11-06
:61:251106C000000000589,18N100EREF//2937846
NL12ABNA0609211366
:86:/EREF/06-11-2025 13:48 7020665391412882/TRCD/100/ORDP//NAME
/MJJ JUNGGEBURT/REMI/9057428788 7020665391412882 VM/PURP//CD
/EPAY/ISDT/2025-11-06
:61:251106C000000000049,00N100EREF//2937847
NL95TRIO0338707778
:86:/EREF/06-11-25 12:52 7020225109652243/TRCD/100/ORDP//NAME/J.
 Heijblom en/of P.M.M./REMI/9057289157 7020225109652243 KV/PURP/
/CD/EPAY/ISDT/2025-11-06
:61:251106C000000001227,04N100EREF//2937848
NL08RABO0377345237
:86:/EREF/06-11-2025 15:32 7020476588443800/TRCD/100/ORDP//NAME
/J.R. Lindeboom en of A.A. Lindeboom-Nijs/REMI/9057675170
 7020476588443800 EH xui-99683297/PURP//CD/EPAY/ISDT/2025-11-06
:61:251106C000000000538,24N100EREF//2937849
NL23RABO0321066537
:86:/EREF/06-11-2025 15:35 7020256588532744/TRCD/100/ORDP//NAME
/F. Knaap eo M.J. Roetert/REMI/9057680718 7020256588532744 EH
 xui-45172140/PURP//CD/EPAY/ISDT/2025-11-06
:61:251106C000000001141,65N100EREF//2937850
NL93RABO0332268098
:86:/EREF/06-11-2025 15:35 7020285409683029/TRCD/100/ORDP//NAME
/R. van den Berg eo C. van den Berg-Rous/REMI/9057684359
 7020285409683029 LH xui-94471139/PURP//CD/EPAY/ISDT/2025-11-06
:61:251106C000000001197,88N541EREF//2937851
NL64RABO0354224182
:86:/EREF/OO9B005181591352/PREF/OO9B005181591352/TRCD/541/ORDP/
/NAME/J.van Beek eo B.van Beek-de Graaf/REMI/Reservering nummer
 2172249/ISDT/2025-11-06
:61:251106C000000000102,50N100EREF//2937852
NL61RABO0138715068
:86:/EREF/06-11-2025 15:42 7020226594652312/TRCD/100/ORDP//NAME
/J.P.E. Wennekers/REMI/9057701153 7020226594652312 EP xui
-43987069/PURP//CD/EPAY/ISDT/2025-11-06
:61:251106C000000000905,20N100EREF//2937853
NL19RABO0395075378
:86:/EREF/06-11-2025 15:50 7020006585562777/TRCD/100/ORDP//NAME
/G.J.W. Schild/REMI/9057714898 7020006585562777 EP xui-15858132
/PURP//CD/EPAY/ISDT/2025-11-06
:61:251106C000000000361,52N541EREF//2937854
NL75RABO0147880831
:86:/EREF/OO9B005181630118/PREF/OO9B005181630118/TRCD/541/ORDP/
/NAME/F.I.M. van Gerven eo F.A. van Spreuwel/REMI/boekingsnummer
 6663039/ISDT/2025-11-06
:61:251106C000000001187,42N100EREF//2937855
NL76RABO0319519791
:86:/EREF/06-11-2025 15:52 7020584506594724/TRCD/100/ORDP//NAME
/F. Rood eo E.H.L. Koop/REMI/9057718918 7020584506594724 TF xui
-55221356/PURP//CD/EPAY/ISDT/2025-11-06
:61:251106C000000000892,60N100EREF//2937856
NL29RABO0317617982
:86:/EREF/06-11-2025 15:54 7020346900474037/TRCD/100/ORDP//NAME
/R.R. Kreeft eo L. Ruinemans/REMI/9057730571 7020346900474037 KV
 xui-28391852/PURP//CD/EPAY/ISDT/2025-11-06
:61:251106C000000000222,08N100EREF//2937857
NL62RABO0340867221
:86:/EREF/06-11-2025 15:56 7020534506534163/TRCD/100/ORDP//NAME
/M.A. Luiten/REMI/9057729219 7020534506534163 EH xui-64231318
/PURP//CD/EPAY/ISDT/2025-11-06
:61:251106C000000000135,84N100EREF//2937858
NL04INGB0008184614
:86:/EREF/06-11-2025 14:22 7020045388654040/TRCD/100/ORDP//NAME
/Mw N van Elst/REMI/9057501579 7020045388654040 EH/PURP//CD/EPAY
/ISDT/2025-11-06
:61:251106C000000000547,20N100EREF//2937859
NL44ABNA0527394394
:86:/EREF/06-11-2025 14:04 7020366900683167/TRCD/100/ORDP//NAME
/GPJ REDMEIJER CJ/REMI/9057461646 7020366900683167 LH/PURP//CD
/EPAY/ISDT/2025-11-06
:61:251106C000000000387,15N100EREF//2937860
NL25ABNA0807555762
:86:/EREF/06-11-2025 14:18 7020334809653380/TRCD/100/ORDP//NAME
/JH MOOIWEER CJ/REMI/9057480815 7020334809653380 HH/PURP//CD
/EPAY/ISDT/2025-11-06
:61:251106C000000000587,20N100EREF//2937861
NL71INGB0006587758
:86:/EREF/06-11-2025 14:56 7020055706653770/TRCD/100/ORDP//NAME
/Hr M Veenstra/REMI/9057586128 7020055706653770 ZV/PURP//CD/EPAY
/ISDT/2025-11-06
:61:251106C000000000049,00N100EREF//2937862
NL34INGB0007080602
:86:/EREF/06-11-2025 14:48 7020894182534220/TRCD/100/ORDP//NAME
/Mw M Beenders/REMI/9057570130 7020894182534220 HB/PURP//CD/EPAY
/ISDT/2025-11-06
:61:251106C000000000030,00N100EREF//2937863
NL82ABNA0511279779
:86:/EREF/06-11-2025 14:04 7020685106532537/TRCD/100/ORDP//NAME
/M BOS/REMI/9057462901 7020685106532537 EH/PURP//CD/EPAY/ISDT
/2025-11-06
:61:251106C000000000235,74N100EREF//2937864
NL32ABNA0597690995
:86:/EREF/06-11-2025 14:01 7020855385652048/TRCD/100/ORDP//NAME
/SFM VAN BAAST/REMI/9057459300 7020855385652048 PZ/PURP//CD/EPAY
/ISDT/2025-11-06
:61:251106C000000000344,00N100EREF//2937865
NL96INGB0798221380
:86:/EREF/06-11-2025 14:28 7020415988414322/TRCD/100/ORDP//NAME
/Mw H Nissink,Hr G de Haan/REMI/9057517796 7020415988414322 HB
/PURP//CD/EPAY/ISDT/2025-11-06
:61:251106C000000002020,80N100EREF//2937866
NL98INGB0004115227
:86:/EREF/06-11-2025 14:38 7020485109472777/TRCD/100/ORDP//NAME
/Mw C H Tonnon/REMI/9057543403 7020485109472777 TH/PURP//CD/EPAY
/ISDT/2025-11-06
:61:251106C000000000177,16N100EREF//2937867
NL68INGB0001133405
:86:/EREF/06-11-2025 14:28 7020335391683410/TRCD/100/ORDP//NAME
/Mw Y van Heeswijk-Wijngaards/REMI/9057519099 7020335391683410
 PZ/PURP//CD/EPAY/ISDT/2025-11-06
:61:251106C000000000530,80N100EREF//2937868
NL61INGB0430418574
:86:/EREF/06-11-2025 14:08 7020195109532276/TRCD/100/ORDP//NAME
/Hr LFP Bos,Mw TCMM Engelen/REMI/9057474378 7020195109532276 MD
/PURP//CD/EPAY/ISDT/2025-11-06
:61:251106C000000000337,74N100EREF//2937869
NL79SNSB0932492231
:86:/EREF/2025-11-06T11:24 7020266282563632/TRCD/100/ORDP//NAME
/M.W. vd Sande e/o T. Sengers/REMI/9057082722 7020266282563632
 PZ/PURP//CD/EPAY/ISDT/2025-11-06
:61:251106C000000000039,00N100EREF//2937870
NL84RABO0110624424
:86:/EREF/06-11-2025 16:05 7020896903653614/TRCD/100/ORDP//NAME
/S.S.J. van de Laar eo E. Broek/REMI/9057753282 7020896903653614
 TH xui-58410398/PURP//CD/EPAY/ISDT/2025-11-06
:61:251106C000000000268,40N100EREF//2937871
NL97ABNA0552905313
:86:/EREF/06-11-2025 14:41 7020986897654157/TRCD/100/ORDP//NAME
/PAS GIEBELS CJ/REMI/9057552382 7020986897654157 LH/PURP//CD
/EPAY/ISDT/2025-11-06
:61:251106C000000001524,28N100EREF//2937872
NL20ABNA0411454218
:86:/EREF/06-11-2025 14:40 7020115382504091/TRCD/100/ORDP//NAME
/MJP VAN DEN BROEK CJ/REMI/9057545956 7020115382504091 SL/PURP/
/CD/EPAY/ISDT/2025-11-06
:61:251106C000000000455,80N100EREF//2937873
NL94ABNA0809195178
:86:/EREF/06-11-2025 15:00 7020525691532117/TRCD/100/ORDP//NAME
/DRIEL VAN DER STARRE A M/REMI/9057591276 7020525691532117 MD
/PURP//CD/EPAY/ISDT/2025-11-06
:61:251106C000000000601,00N541EREF//2937874
DE12500105175444413554
:86:/EREF/2937874/TRCD/541/ORDP//NAME/Giulia Miserini/REMI
/Reservation nr. 4228291/ISDT/2025-11-06
:61:251106C000000000578,65N100EREF//2937875
NL52ABNA0588477672
:86:/EREF/06-11-2025 14:43 7020364509504736/TRCD/100/ORDP//NAME
/CHANTAL WILLEMSEN/REMI/9057558528 7020364509504736 MD/PURP//CD
/EPAY/ISDT/2025-11-06
:61:251106C000000000911,40N100EREF//2937876
NL75ABNA0424716135
:86:/EREF/06-11-2025 15:02 7020016009623290/TRCD/100/ORDP//NAME
/R KOK CJ/REMI/9057602162 7020016009623290 EP/PURP//CD/EPAY/ISDT
/2025-11-06
:61:251106C000000000443,00N541EREF//2937877
NL38ABNA0592727106
:86:/EREF/2937877/TRCD/541/ORDP//NAME/AB BUISMAN HAAN/REMI
/Reserverings nr 2549311/ISDT/2025-11-06
:61:251106C000000000477,50N541EREF//2937878
NL36SNSB0896600386
:86:/EREF/2937878/TRCD/541/ORDP//NAME/M. Sluizeman e/o B. van
 den Hooff/REMI/2129666 fam van den Hooff/ISDT/2025-11-06
:61:251106C000000001602,43N100EREF//2937879
NL24RABO0132764687
:86:/EREF/06-11-2025 16:30 7020105097684406/TRCD/100/ORDP//NAME
/J.K. Visser eo T.T. Visser-de Vries/REMI/9057813714
 7020105097684406 AR xui-42338552/PURP//CD/EPAY/ISDT/2025-11-06
:61:251106C000000000741,14N100EREF//2937880
NL43RABO0385619677
:86:/EREF/06-11-2025 16:35 7020864206414793/TRCD/100/ORDP//NAME
/D. van de Wijngaard eo P.H. van de Horst/REMI/9057825000
 7020864206414793 EH xui-81171087/PURP//CD/EPAY/ISDT/2025-11-06
:61:251106C000000000125,80N100EREF//2937881
NL24RABO0331284596
:86:/EREF/06-11-2025 16:35 7020205409413407/TRCD/100/ORDP//NAME
/J. Veenkamp eo A. Veenkamp-van der Meulen/REMI/9057827294
 7020205409413407 EH xui-10171180/PURP//CD/EPAY/ISDT/2025-11-06
:61:251106C000000000413,62N100EREF//2937882
NL04RABO0301044333
:86:/EREF/06-11-2025 16:48 7020666894504739/TRCD/100/ORDP//NAME
/J. Poolman/REMI/9057858015 7020666894504739 EH xui-77989541
/PURP//CD/EPAY/ISDT/2025-11-06
:61:251106C000000000457,40N100EREF//2937883
NL30RABO0325197253
:86:/EREF/06-11-2025 16:51 7020856600593083/TRCD/100/ORDP//NAME
/P.J. van Hoeven/REMI/9057861643 7020856600593083 HB xui
-81875078/PURP//CD/EPAY/ISDT/2025-11-06
:61:251106C000000000012,50N100EREF//2937884
NL65INGB0687154707
:86:/EREF/06-11-2025 15:05 7020684488473620/TRCD/100/ORDP//NAME
/Hr BW van Essen,Mw R Vos/REMI/9057613953 7020684488473620 KV
/PURP//CD/EPAY/ISDT/2025-11-06
:61:251106C000000000099,00N100EREF//2937885
NL35INGB0004494079
:86:/EREF/06-11-2025 15:28 7020206585683194/TRCD/100/ORDP//NAME
/Hr PJ Meinderts, Mw LN van Asma/REMI/9057662009
 7020206585683194 HH/PURP//CD/EPAY/ISDT/2025-11-06
:61:251106C000000000256,08N100EREF//2937886
NL47INGB0000645097
:86:/EREF/06-11-2025 15:32 7020596588683668/TRCD/100/ORDP//NAME
/Hr M F P van Leuven en/of Mw N M H van Leuven-Hijma/REMI
/9057677118 7020596588683668 EH/PURP//CD/EPAY/ISDT/2025-11-06
:61:251106C000000000588,30N100EREF//2937887
NL34INGB0101492545
:86:/EREF/06-11-2025 15:32 7020666900623011/TRCD/100/ORDP//NAME
/GGS Heinenoord B.V./REMI/9057675077 7020666900623011 KV/PURP/
/CD/EPAY/ISDT/2025-11-06
:61:251106C000000000364,60N100EREF//2937888
NL45ASNB0708261469
:86:/EREF/2025-11-06T12:18 7020694803443020/TRCD/100/ORDP//NAME
/M.A. van Leeuwen e/o R.M. Blok/REMI/9057210157 7020694803443020
 MD/PURP//CD/EPAY/ISDT/2025-11-06
:61:251106C000000000040,00N100EREF//2937889
NL79INGB0006549687
:86:/EREF/06-11-2025 15:04 7020015100442078/TRCD/100/ORDP//NAME
/Mw J Annes/REMI/9057609181 7020015100442078 EH/PURP//CD/EPAY
/ISDT/2025-11-06
:61:251106C000000001279,30N100EREF//2937890
NL97INGB0757601448
:86:/EREF/06-11-2025 15:02 7020245700472471/TRCD/100/ORDP//NAME
/Hr P Hijzen en/of Mw L K van Dijk/REMI/9057603890
 7020245700472471 ZV/PURP//CD/EPAY/ISDT/2025-11-06
:61:251106C000000000316,60N100EREF//2937891
NL81RABO0314709568
:86:/EREF/06-11-2025 16:55 7020286009653650/TRCD/100/ORDP//NAME
/G. van den Hoorn eo J.T. van den Hoorn-de Munnik/REMI
/9057874925 7020286009653650 ZV xui-67356122/PURP//CD/EPAY/ISDT
/2025-11-06
:61:251106C000000002642,00N541EREF//2937892
DE69100110012871614314
:86:/EREF/2937892/TRCD/541/ORDP//NAME/Stephan MAUFROY/REMI
/9033287/ISDT/2025-11-06
:61:251106C000000000797,90N541EREF//2937893
NL89INGB0799408689
:86:/EREF/2937893/TRCD/541/ORDP//NAME/Mw EH Scholten/REMI
/reservering 1981536/ISDT/2025-11-06
:61:251106C000000000601,80N100EREF//2937894
NL25RABO0133664635
:86:/EREF/06-11-2025 17:18 7020425106682927/TRCD/100/ORDP//NAME
/N. van Osch/REMI/9057924158 7020425106682927 MD xui-24694439
/PURP//CD/EPAY/ISDT/2025-11-06
:61:251106C000000000664,26N541EREF//2937895
NL68RABO0122335813
:86:/EREF/OO9B005181945175/PREF/OO9B005181945175/TRCD/541/ORDP/
/NAME/H. van der Zalm eo MJJ van der Zalm-v. Spreuwel/REMI
/Reservering 5210210/ISDT/2025-11-06
:61:251106C000000000017,68N593EREF//2937896
NL94INGB0670424110
:86:/EREF/C20251106-6733626590-10044988692428/TRCD/593/RTRN/AC04
/ORDP//NAME/Z  EROGLU/REMI/BN 6040117/ISDT/2025-11-06
:61:251106C000000001040,00N541EREF//2937897
NL66RABO0116364335
:86:/EREF/OO9B005181982342/PREF/OO9B005181982342/TRCD/541/ORDP/
/NAME/P. Ravensbergen eo C.H. Ravenbergen-Droste/REMI
/reservering 8370547/ISDT/2025-11-06
:61:251106C000000001764,62N100EREF//2937898
NL29RABO0368735915
:86:/EREF/06-11-2025 17:30 7020424503593608/TRCD/100/ORDP//NAME
/D. Middelkoop eo C.J. Middelkoop-Duynhouwer/REMI/9057955224
 7020424503593608 PZ xui-44191851/PURP//CD/EPAY/ISDT/2025-11-06
:61:251106C000000000394,80N100EREF//2937899
NL55RABO0131162950
:86:/EREF/06-11-2025 17:37 7020305088414556/TRCD/100/ORDP//NAME
/M.J.V. Claassens/REMI/9057968439 7020305088414556 KV xui
-43325970/PURP//CD/EPAY/ISDT/2025-11-06
:61:251106C000000000409,00N100EREF//2937900
NL79RABO0321276213
:86:/EREF/06-11-2025 17:42 7020896300593374/TRCD/100/ORDP//NAME
/J.T. Brands eo R. van Weenen/REMI/9057979168 7020896300593374
 HB xui-68625186/PURP//CD/EPAY/ISDT/2025-11-06
:61:251106C000000000250,00N100EREF//2937901
NL98RABO0105832081
:86:/EREF/06-11-2025 17:42 7020985997594649/TRCD/100/ORDP//NAME
/B.P.J.W. van Gent/REMI/9057976099 7020985997594649 HB xui
-99845719/PURP//CD/EPAY/ISDT/2025-11-06
:61:251106C000000000318,00N541EREF//2937902
NL69ABNA0537459634
:86:/EREF/2937902/TRCD/541/ORDP//NAME/R SIVRI CJ/REMI
/reserveringsnummer 4074823/ISDT/2025-11-06
:61:251106C000000000137,62N100EREF//2937903
NL09RABO0174977611
:86:/EREF/06-11-2025 17:46 7020694482652315/TRCD/100/ORDP//NAME
/L. Timmermans eo B.H.A. Maas/REMI/9057990648 7020694482652315
 VM xui-23408396/PURP//CD/EPAY/ISDT/2025-11-06
:61:251106C000000001559,05N100EREF//2937904
NL90RABO0150337183
:86:/EREF/06-11-2025 17:46 7020736603413167/TRCD/100/ORDP//NAME
/K. Custers/REMI/9057989714 7020736603413167 EP xui-89375714
/PURP//CD/EPAY/ISDT/2025-11-06
:61:251106C000000001930,00N100EREF//2937905
NL27RABO0190669268
:86:/EREF/06-11-2025 17:52 7020666582533362/TRCD/100/ORDP//NAME
/Bright Moments B.V./REMI/9057998438 7020666582533362 MD xui
-58409137/PURP//CD/EPAY/ISDT/2025-11-06
:61:251106C000000000396,60N100EREF//2937906
NL72RABO0147790190
:86:/EREF/06-11-2025 17:56 7020296306654475/TRCD/100/ORDP//NAME
/A.J. IJzermans/REMI/9058007910 7020296306654475 EP xui-52772520
/PURP//CD/EPAY/ISDT/2025-11-06
:61:251106C000000000626,00N100EREF//2937907
NL81RABO0376423684
:86:/EREF/06-11-2025 17:56 7020504794534835/TRCD/100/ORDP//NAME
/J.H. Rook eo N. Leishangthem/REMI/9058015364 7020504794534835
 TH xui-40709952/PURP//CD/EPAY/ISDT/2025-11-06
:61:251106C000000000327,08N100EREF//2937908
NL85RABO0154109894
:86:/EREF/06-11-2025 17:57 7020884785683161/TRCD/100/ORDP//NAME
/M.A. Blom/REMI/9058016301 7020884785683161 EH xui-22480268/PURP
//CD/EPAY/ISDT/2025-11-06
:61:251106C000000000374,65N100EREF//2937909
NL75RABO0305827871
:86:/EREF/06-11-2025 17:59 7020516891533311/TRCD/100/ORDP//NAME
/S. Diepstra/REMI/9058021231 7020516891533311 HH xui-13288720
/PURP//CD/EPAY/ISDT/2025-11-06
:61:251106C000000001426,20N541EREF//2937910
NL98ABNA0615677002
:86:/EREF/2937910/TRCD/541/ORDP//NAME/J KNOLLEMA/REMI/9254252
/ISDT/2025-11-06
:61:251106C000000000059,00N100EREF//2937911
NL38RABO0107062054
:86:/EREF/06-11-2025 18:09 7020184800503842/TRCD/100/ORDP//NAME
/A.A.P.L. van der Mijden/REMI/9058040575 7020184800503842 KV xui
-30779106/PURP//CD/EPAY/ISDT/2025-11-06
:61:251106D000000690121,48N625NONREF//2937912
NL31RABO0300087233
:86:/EREF/POYTCPE2025000003503/TRCD/625/BENM//NAME/Center Parcs
 Europe N.V./REMI/CPES110600011 CC300002343/300087233/INIT//NAME
/Center Parcs Europe N.V.
:61:251105D000000067869,59N625NONREF//2937913
NL31RABO0300087233
:86:/EREF/POYTCPE2025000003501/TRCD/625/BENM//NAME/Center Parcs
 Europe N.V./REMI/CPES110600010 CC300002343/300087233/INIT//NAME
/Center Parcs Europe N.V.
:61:251106C000000000284,97N100EREF//2937914
NL26RABO0346647711
:86:/EREF/06-11-2025 18:15 7020676300502162/TRCD/100/ORDP//NAME
/D.H.A. Das eo R.H.J. van Limpt/REMI/9058058746 7020676300502162
 KM xui-78407007/PURP//CD/EPAY/ISDT/2025-11-06
:61:251106C000000000020,70N100EREF//2937915
NL60RABO0302679618
:86:/EREF/06-11-2025 18:17 7020326288505000/TRCD/100/ORDP//NAME
/Mex Overmeen/REMI/9058061830 7020326288505000 HH xui-84576732
/PURP//CD/EPAY/ISDT/2025-11-06
:61:251106C000000001385,60N100EREF//2937916
NL96RABO0119818450
:86:/EREF/06-11-2025 18:18 7020254782564619/TRCD/100/ORDP//NAME
/E.R.H. Willems eo B.F.M. Willems-Jeurissen/REMI/9058062008
 7020254782564619 SR xui-10185805/PURP//CD/EPAY/ISDT/2025-11-06
:61:251106C000000001778,43N541EREF//2937917
NL28RABO0111800781
:86:/EREF/OO9B005182220601/PREF/OO9B005182220601/TRCD/541/ORDP/
/NAME/M. Douna eo J. Douna-Schuil/REMI/reserv.nr 8281148/ISDT
/2025-11-06
:61:251106C000000000200,00N541EREF//2937918
NL71ABNA0607353724
:86:/EREF/2937918/TRCD/541/ORDP//NAME/B VAN BEZOOIJEN CJ/REMI
/Reserveringsnummer: 5532402. Donderdag 27-11-2025 t/m Maandag
 01-12-2025./ISDT/2025-11-06
:61:251106C000000000342,86N100EREF//2937919
NL33RABO0307506436
:86:/EREF/06-11-2025 18:43 7020135988414730/TRCD/100/ORDP//NAME
/H. Casteleijn eo A.A. Casteleijn-Burger/REMI/9058117083
 7020135988414730 VM xui-83652778/PURP//CD/EPAY/ISDT/2025-11-06
:61:251106C000000000421,80N100EREF//2937920
NL37RABO0155238965
:86:/EREF/06-11-2025 18:46 7020944506442204/TRCD/100/ORDP//NAME
/C. den Tuinder/REMI/9058121427 7020944506442204 HH xui-65312363
/PURP//CD/EPAY/ISDT/2025-11-06
:61:251106C000000000583,00N541EREF//2937921
NL02INGB0000900532
:86:/EREF/2937921/TRCD/541/ORDP//NAME/Mw A Hindriks-Bonnema/REMI
/5064293/ISDT/2025-11-06
:61:251106C000000000029,70N100EREF//2937922
NL46RABO0168824914
:86:/EREF/06-11-2025 18:56 7020445391592003/TRCD/100/ORDP//NAME
/N.F.M. Melis/REMI/9058145434 7020445391592003 MD xui-37158281
/PURP//CD/EPAY/ISDT/2025-11-06
:61:251106C000000000151,50N100EREF//2937923
NL02RABO0148132987
:86:/EREF/06-11-2025 18:58 7020466297562192/TRCD/100/ORDP//NAME
/E. Pieters/REMI/9058152372 7020466297562192 KV xui-80278436
/PURP//CD/EPAY/ISDT/2025-11-06
:61:251106C000000000420,40N100EREF//2937924
NL05RABO0385751893
:86:/EREF/06-11-2025 18:59 7020496891532705/TRCD/100/ORDP//NAME
/M.R. van der Leest/REMI/9058147558 7020496891532705 MD xui
-85564279/PURP//CD/EPAY/ISDT/2025-11-06
:61:251106C000000000627,00N100EREF//2937925
NL15RABO0324149050
:86:/EREF/06-11-2025 19:01 7020564488504949/TRCD/100/ORDP//NAME
/L. Vrauwdeunt eo R. Burger/REMI/9058156546 7020564488504949 TH
 xui-24965295/PURP//CD/EPAY/ISDT/2025-11-06
:61:251106C000000000006,36N100EREF//2937926
NL26RABO0346647711
:86:/EREF/06-11-2025 19:05 7020665397442543/TRCD/100/ORDP//NAME
/D.H.A. Das eo R.H.J. van Limpt/REMI/9058166378 7020665397442543
 KM xui-78407007/PURP//CD/EPAY/ISDT/2025-11-06
:61:251106C000000000628,75N100EREF//2937927
NL03RABO0341080713
:86:/EREF/06-11-2025 19:05 7020696291533557/TRCD/100/ORDP//NAME
/N. Velthuis eo D.D. Eenling/REMI/9058164968 7020696291533557 KV
 xui-73404082/PURP//CD/EPAY/ISDT/2025-11-06
:61:251106C000000000259,10N100EREF//2937928
NL71RABO0189933410
:86:/EREF/06-11-2025 19:07 7020494197652954/TRCD/100/ORDP//NAME
/E.W.G. Albertus-Hendriks/REMI/9058172051 7020494197652954 SR
 xui-43979919/PURP//CD/EPAY/ISDT/2025-11-06
:61:251106C000000000986,24N100EREF//2937929
NL94RABO0354832026
:86:/EREF/06-11-2025 19:05 7020325706412714/TRCD/100/ORDP//NAME
/M. Struik/REMI/9058166848 7020325706412714 HE xui-99401426/PURP
//CD/EPAY/ISDT/2025-11-06
:61:251106C000000000310,85N100EREF//2937930
NL68RABO0197756514
:86:/EREF/06-11-2025 19:08 7020155103502195/TRCD/100/ORDP//NAME
/P.W. Omlo eo J.J. Fikkert/REMI/9058174153 7020155103502195 ZV
 xui-52717522/PURP//CD/EPAY/ISDT/2025-11-06
:61:251106C000000001145,80N100EREF//2937931
NL46RABO0115919562
:86:/EREF/06-11-2025 19:07 7020226582413827/TRCD/100/ORDP//NAME
/R. Hendriks/REMI/9058168865 7020226582413827 SL xui-99832020
/PURP//CD/EPAY/ISDT/2025-11-06
:61:251106C000000000313,98N100EREF//2937932
NL12RABO0335171990
:86:/EREF/06-11-2025 19:12 7020124203413563/TRCD/100/ORDP//NAME
/J. Nieborg eo B. van der Veen/REMI/9058177877 7020124203413563
 HE xui-33374098/PURP//CD/EPAY/ISDT/2025-11-06
:61:251106C000000000938,00N100EREF//2937933
NL70RABO0189937017
:86:/EREF/06-11-2025 19:12 7020404809593038/TRCD/100/ORDP//NAME
/D.H.J.L. van der Sterren eo A.W.M. Philipsen/REMI/9058182322
 7020404809593038 TH xui-16727954/PURP//CD/EPAY/ISDT/2025-11-06
:61:251106C000000000608,80N100EREF//2937934
NL08RABO0383605423
:86:/EREF/06-11-2025 19:17 7020856291564349/TRCD/100/ORDP//NAME
/N. Noordzij e.o. M.E. Noordzij-Postma/REMI/9058194222
 7020856291564349 HH xui-57436640/PURP//CD/EPAY/ISDT/2025-11-06
:61:251106C000000000161,20N541EREF//2937935
BE06733019806622
:86:/EREF/2937935/TRCD/541/ORDP//NAME/PLAETEVOET ANJA/REMI
/Boekingnr 906207, gelieve voorschot te aanvragen bedrag wordt
 zeker voldaan alvast bedankt Anja/ISDT/2025-11-06
:61:251106C000000000566,44N100EREF//2937936
NL34RABO0383486033
:86:/EREF/06-11-2025 19:22 7020505694504328/TRCD/100/ORDP//NAME
/R. van den Akker eo M.A.J. Romberg/REMI/9058203316
 7020505694504328 HB xui-79282202/PURP//CD/EPAY/ISDT/2025-11-06
:61:251106C000000000629,10N100EREF//2937937
NL89RABO0371935059
:86:/EREF/06-11-2025 19:24 7020475397654973/TRCD/100/ORDP//NAME
/G.J.J. van der Vegt eo I. van der Vegt-Keuning/REMI/9058210484
 7020475397654973 HH xui-48254433/PURP//CD/EPAY/ISDT/2025-11-06
:61:251106C000000000570,24N100EREF//2937938
NL85RABO0188631224
:86:/EREF/06-11-2025 19:26 7020365088592741/TRCD/100/ORDP//NAME
/M.L.A. Hendrikse/REMI/9058214902 7020365088592741 EH xui
-34191322/PURP//CD/EPAY/ISDT/2025-11-06
:61:251106C000000000359,70N100EREF//2937939
NL89RABO0350722323
:86:/EREF/06-11-2025 19:27 7020624188682084/TRCD/100/ORDP//NAME
/E. Vorkink/REMI/9058212150 7020624188682084 HB xui-81732902
/PURP//CD/EPAY/ISDT/2025-11-06
:61:251106C000000000074,97N100EREF//2937940
NL23RABO0319919803
:86:/EREF/06-11-2025 19:27 7020046603594676/TRCD/100/ORDP//NAME
/A.A.H. Sweers eo H.C. Fokker/REMI/9058216074 7020046603594676
 VM xui-91672992/PURP//CD/EPAY/ISDT/2025-11-06
:61:251106C000000000250,00N100EREF//2937941
NL98RABO0305613960
:86:/EREF/06-11-2025 19:29 7020854485563368/TRCD/100/ORDP//NAME
/K.M. Soutberg/REMI/9058220648 7020854485563368 MD xui-23395271
/PURP//CD/EPAY/ISDT/2025-11-06
:61:251106C000000000020,00N100EREF//2937942
NL73RABO0372761690
:86:/EREF/06-11-2025 19:34 7020025385534727/TRCD/100/ORDP//NAME
/J.J. Peeters-Hoogeveen/REMI/9058231486 7020025385534727 VM xui
-54839737/PURP//CD/EPAY/ISDT/2025-11-06
:61:251106C000000000633,68N100EREF//2937943
NL10RABO0368775445
:86:/EREF/06-11-2025 19:36 7020376882654745/TRCD/100/ORDP//NAME
/H.J. van Pelt/REMI/9058233636 7020376882654745 EH xui-50953618
/PURP//CD/EPAY/ISDT/2025-11-06
:61:251106C000000000423,20N100EREF//2937944
NL23RABO0134437276
:86:/EREF/06-11-2025 19:41 7020384482654880/TRCD/100/ORDP//NAME
/V.B. Keijzers/REMI/9058240396 7020384482654880 MD xui-55399648
/PURP//CD/EPAY/ISDT/2025-11-06
:61:251106C000000000446,50N100EREF//2937945
NL97RABO0358168384
:86:/EREF/06-11-2025 19:42 7020766285472768/TRCD/100/ORDP//NAME
/S.C.G. Frowijn eo H.A. Kempe/REMI/9058249220 7020766285472768
 HH xui-75760443/PURP//CD/EPAY/ISDT/2025-11-06
:61:251106C000000000326,85N100EREF//2937946
NL32RABO0185288200
:86:/EREF/06-11-2025 19:44 7020155409624643/TRCD/100/ORDP//NAME
/M.A. Baten eo B.F.J. Eekelder/REMI/9058254369 7020155409624643
 HB xui-90981733/PURP//CD/EPAY/ISDT/2025-11-06
:61:251106C000000000096,00N100EREF//2937947
NL57RABO0138584966
:86:/EREF/06-11-2025 19:47 7020984791652072/TRCD/100/ORDP//NAME
/H.J. Boomsma eo J.A. Hamersma/REMI/9058256822 7020984791652072
 HH xui-32434571/PURP//CD/EPAY/ISDT/2025-11-06
:61:251106C000000000680,19N100EREF//2937948
NL72RABO0375706046
:86:/EREF/06-11-2025 19:51 7020075694443137/TRCD/100/ORDP//NAME
/M. Jonker eo S.M.J.A. de Cock/REMI/9058265461 7020075694443137
 HA xui-59262434/PURP//CD/EPAY/ISDT/2025-11-06
:61:251106C000000001074,51N100EREF//2937949
NL44RABO0353164623
:86:/EREF/06-11-2025 19:56 7020414782443575/TRCD/100/ORDP//NAME
/A.A.Kosters eo B.H.Kosters-Dijkema/REMI/9058273958
 7020414782443575 SR xui-46462435/PURP//CD/EPAY/ISDT/2025-11-06
:61:251106C000000000351,20N100EREF//2937950
NL12RABO0122754115
:86:/EREF/06-11-2025 19:56 7020235400683941/TRCD/100/ORDP//NAME
/Gijzen Transport B.V./REMI/9058271332 7020235400683941 MD xui
-26254330/PURP//CD/EPAY/ISDT/2025-11-06
:61:251106C000000001248,80N100EREF//2937951
NL39RABO0364999586
:86:/EREF/06-11-2025 20:01 7020406306592546/TRCD/100/ORDP//NAME
/Firma Jansma/REMI/9058282274 7020406306592546 SR xui-45629847
/PURP//CD/EPAY/ISDT/2025-11-06
:61:251106C000000000539,50N100EREF//2937952
NL02RABO0116078561
:86:/EREF/06-11-2025 20:01 7020354188592162/TRCD/100/ORDP//NAME
/K. Boer/REMI/9058282481 7020354188592162 KV xui-72066117/PURP/
/CD/EPAY/ISDT/2025-11-06
:61:251106C000000001881,40N541EREF//2937953
NL85ABNA0806843381
:86:/EREF/2937953/TRCD/541/ORDP//NAME/H VAN NISTELROOIJ/REMI
/2498869/ISDT/2025-11-06
:61:251106C000000000005,70N100EREF//2937954
NL76RABO0377774596
:86:/EREF/06-11-2025 20:03 7020035100444547/TRCD/100/ORDP//NAME
/R. Herder/REMI/9058293346 7020035100444547 HH xui-23666358/PURP
//CD/EPAY/ISDT/2025-11-06
:61:251106C000000000609,80N100EREF//2937955
NL16RABO0136406211
:86:/EREF/06-11-2025 20:11 7020704188532471/TRCD/100/ORDP//NAME
/N.C.W. Fleuren eo M. van Sambeek/REMI/9058303717
 7020704188532471 ZV xui-21753335/PURP//CD/EPAY/ISDT/2025-11-06
:61:251106C000000000493,08N100EREF//2937956
NL15RABO0310238765
:86:/EREF/06-11-2025 20:12 7020895697682363/TRCD/100/ORDP//NAME
/H. Bakker eo K.A. Stuiver/REMI/9058310559 7020895697682363 HH
 xui-87290854/PURP//CD/EPAY/ISDT/2025-11-06
:61:251106C000000002069,84N541EREF//2937957
NL84BUNQ2160264407
:86:/EREF/2937957/TRCD/541/ORDP//NAME/P. Bisdom/ISDT/2025-11-06
:61:251106C000000000558,82N100EREF//2937958
NL70RABO0178095257
:86:/EREF/06-11-2025 20:18 7020535685504220/TRCD/100/ORDP//NAME
/N. van Toledo/REMI/9058322786 7020535685504220 AG xui-77591722
/PURP//CD/EPAY/ISDT/2025-11-06
:61:251106C000000000170,00N100EREF//2937959
NL19RABO0129625566
:86:/EREF/06-11-2025 20:19 7020564506414613/TRCD/100/ORDP//NAME
/M. Brederode/REMI/9058323007 7020564506414613 HH xui-19739398
/PURP//CD/EPAY/ISDT/2025-11-06
:61:251106C000000001077,25N100EREF//2937960
NL90RABO0309025885
:86:/EREF/06-11-2025 20:23 7020474809623326/TRCD/100/ORDP//NAME
/A. Cruiming en of W. Cruiming-Jonkman/REMI/9058329505
 7020474809623326 HB xui-54002697/PURP//CD/EPAY/ISDT/2025-11-06
:61:251106C000000000270,80N100EREF//2937961
NL13RABO0151944695
:86:/EREF/06-11-2025 20:25 7020394800652942/TRCD/100/ORDP//NAME
/C.M.A. Verbueken/REMI/9058335300 7020394800652942 HH xui
-95618049/PURP//CD/EPAY/ISDT/2025-11-06
:61:251106C000000000087,00N100EREF//2937962
NL69RABO0141547227
:86:/EREF/06-11-2025 20:25 7020194782533629/TRCD/100/ORDP//NAME
/P. Smits/REMI/9058331105 7020194782533629 TH xui-48584605/PURP/
/CD/EPAY/ISDT/2025-11-06
:61:251106C000000000284,40N100EREF//2937963
NL49RABO0137894082
:86:/EREF/06-11-2025 20:24 7020736600474094/TRCD/100/ORDP//NAME
/T. Hospers/REMI/9058332791 7020736600474094 HH xui-76022023
/PURP//CD/EPAY/ISDT/2025-11-06
:61:251106C000000000656,90N541EREF//2937964
BE65779590406496
:86:/EREF/2937964/TRCD/541/ORDP//NAME/VANDEWAERDE SEPPE/REMI
/1344933/ISDT/2025-11-06
:61:251106C000000001012,80N100EREF//2937965
NL36RABO0344715582
:86:/EREF/06-11-2025 20:32 7020046303624172/TRCD/100/ORDP//NAME
/S.A. Luckers eo D.G. Goeman/REMI/9058343700 7020046303624172 PZ
 xui-35109790/PURP//CD/EPAY/ISDT/2025-11-06
:61:251106C000000001133,25N100EREF//2937966
NL40RABO0106401157
:86:/EREF/06-11-2025 20:34 7020115697654712/TRCD/100/ORDP//NAME
/M.P.G. Verhagen/REMI/9058347445 7020115697654712 KV xui
-22052437/PURP//CD/EPAY/ISDT/2025-11-06
:61:251106C000000000616,24N100EREF//2937967
NL48RABO0112303463
:86:/EREF/06-11-2025 20:33 7020586588443593/TRCD/100/ORDP//NAME
/G.M.R. Groot eo H.C. Groot-Kersten/REMI/9058348767
 7020586588443593 VM xui-78235871/PURP//CD/EPAY/ISDT/2025-11-06
:61:251106C000000000558,20N100EREF//2937968
NL30RABO0121371638
:86:/EREF/06-11-2025 20:35 7020625097624469/TRCD/100/ORDP//NAME
/M.H.G.J. Goossens eo B.E.S. Maaskant/REMI/9058349391
 7020625097624469 EH xui-92278887/PURP//CD/EPAY/ISDT/2025-11-06
:61:251106C000000000250,00N100EREF//2937969
NL86RABO0380135493
:86:/EREF/06-11-2025 20:35 7020245697593356/TRCD/100/ORDP//NAME
/R. van den Broek/REMI/9058352847 7020245697593356 EH xui
-10371971/PURP//CD/EPAY/ISDT/2025-11-06
:61:251106C000000001864,72N100EREF//2937970
NL43RABO0360170951
:86:/EREF/06-11-2025 20:38 7020105106593818/TRCD/100/ORDP//NAME
/L. Hemmen/REMI/9058358841 7020105106593818 EH xui-99238414/PURP
//CD/EPAY/ISDT/2025-11-06
:61:251106C000000000177,80N100EREF//2937971
NL81RABO0364966238
:86:/EREF/06-11-2025 20:39 7020715388474937/TRCD/100/ORDP//NAME
/BLOOM gezinshuis/REMI/9058356741 7020715388474937 HB xui
-11672742/PURP//CD/EPAY/ISDT/2025-11-06
:61:251106C000000000561,65N100EREF//2937972
NL61RABO0328310298
:86:/EREF/06-11-2025 20:39 7020826903564829/TRCD/100/ORDP//NAME
/D.M.W. de Jager/REMI/9058359095 7020826903564829 HH xui
-15743442/PURP//CD/EPAY/ISDT/2025-11-06
:61:251106C000000000579,06N100EREF//2937973
NL22RABO0380815451
:86:/EREF/06-11-2025 20:41 7020596606504889/TRCD/100/ORDP//NAME
/M.H.J.C.Gundlach-Hermans/REMI/9058360382 7020596606504889 HH
 xui-43410727/PURP//CD/EPAY/ISDT/2025-11-06
:61:251106C000000001214,89N541EREF//2937974
NL67RABO0359637892
:86:/EREF/OO9B005182627486/PREF/OO9B005182627486/TRCD/541/ORDP/
/NAME/B.J. Solisa eo R.J.B. Ruijters/REMI/Res.nr. 4260895/ISDT
/2025-11-06
:61:251106C000000000337,48N100EREF//2937975
NL71RABO0345144856
:86:/EREF/06-11-2025 20:46 7020574497443911/TRCD/100/ORDP//NAME
/R.H.A. Janssen eo J.G.L. Perenboom/REMI/9058373327
 7020574497443911 PZ xui-48219241/PURP//CD/EPAY/ISDT/2025-11-06
:61:251106C000000001136,30N100EREF//2937976
NL89RABO0372813879
:86:/EREF/06-11-2025 20:52 7020154188413164/TRCD/100/ORDP//NAME
/S. Dubach/REMI/9058382851 7020154188413164 VN xui-11692078/PURP
//CD/EPAY/ISDT/2025-11-06
:61:251106C000000000605,75N541EREF//2937977
NL52ASNB8852385223
:86:/EREF/2937977/TRCD/541/ORDP//NAME/L. Nanninga e/o S.J.V.
 Westerhof/REMI/Reserveringsnummer 4954092/ISDT/2025-11-06
:61:251106C000000001128,64N541EREF//2937978
NL67RABO0346359562
:86:/EREF/OO9B005182695282/PREF/OO9B005182695282/TRCD/541/ORDP/
/NAME/R.K.C. Stam/REMI/Boekingsnummer: 1252576/ISDT/2025-11-06
:61:251106C000000000472,78N100EREF//2937979
NL55RABO0359237886
:86:/EREF/06-11-2025 21:09 7020794488533653/TRCD/100/ORDP//NAME
/R.R. Stern eo I.M.H. Stern-Keurs/REMI/9058424092
 7020794488533653 SL xui-71187352/PURP//CD/EPAY/ISDT/2025-11-06
:61:251106C000000001289,55N100EREF//2937980
NL05RABO0353266205
:86:/EREF/06-11-2025 21:10 7020976906653554/TRCD/100/ORDP//NAME
/G.P. van Rosmalen eo S.C.M. Schamper/REMI/9058422059
 7020976906653554 SR xui-45608861/PURP//CD/EPAY/ISDT/2025-11-06
:61:251106C000000000245,40N100EREF//2937981
NL86RABO0362780641
:86:/EREF/06-11-2025 21:10 7020085991414229/TRCD/100/ORDP//NAME
/K. Seffinga/REMI/9058422854 7020085991414229 HH xui-16786868
/PURP//CD/EPAY/ISDT/2025-11-06
:61:251106C000000000129,24N541EREF//2937982
NL65RABO0124076629
:86:/EREF/OO9B005182725451/PREF/OO9B005182725451/TRCD/541/ORDP/
/NAME/J.B. van den Bunt/REMI/9090247 (reserveringsnummer)/ISDT
/2025-11-06
:61:251106C000000000608,80N100EREF//2937983
NL14RABO0160207428
:86:/EREF/06-11-2025 21:15 7020044485472012/TRCD/100/ORDP//NAME
/A.J.J. Streuper eo M.H. van Vaals/REMI/9058432155
 7020044485472012 MD xui-74290058/PURP//CD/EPAY/ISDT/2025-11-06
:61:251106C000000000749,50N100EREF//2937984
NL74RABO0103682120
:86:/EREF/06-11-2025 21:20 7020106303683185/TRCD/100/ORDP//NAME
/M.H.M. Janssen eo P. Janssen-Vinken/REMI/9058440520
 7020106303683185 ZV xui-26830271/PURP//CD/EPAY/ISDT/2025-11-06
:61:251106C000000000430,98N100EREF//2937985
NL53RABO0336644876
:86:/EREF/06-11-2025 21:23 7020595385442297/TRCD/100/ORDP//NAME
/R.P. van der Woning/REMI/9058448360 7020595385442297 PZ xui
-10271505/PURP//CD/EPAY/ISDT/2025-11-06
:61:251106C000000000059,00N100EREF//2937986
NL81RABO0105483575
:86:/EREF/06-11-2025 21:27 7020486285593155/TRCD/100/ORDP//NAME
/M. Liebregts/REMI/9058456303 7020486285593155 KV xui-72914378
/PURP//CD/EPAY/ISDT/2025-11-06
:61:251106C000000000494,16N100EREF//2937987
NL22RABO0343445328
:86:/EREF/06-11-2025 21:28 7020604194562429/TRCD/100/ORDP//NAME
/D. Ekelmans eo N. Holtrop/REMI/9058460335 7020604194562429 EH
 xui-83173722/PURP//CD/EPAY/ISDT/2025-11-06
:61:251106C000000000550,40N100EREF//2937988
NL73RABO0328932531
:86:/EREF/06-11-2025 21:32 7020525691684070/TRCD/100/ORDP//NAME
/K.N.M. Dijkstra eo P.J.N. Neefjes/REMI/9058467963
 7020525691684070 MD xui-82708131/PURP//CD/EPAY/ISDT/2025-11-06
:61:251106C000000002163,55N100EREF//2937989
NL31RABO0345586344
:86:/EREF/06-11-2025 21:35 7020605991622216/TRCD/100/ORDP//NAME
/N. Schuurman/REMI/9058469251 7020605991622216 PZ xui-65740319
/PURP//CD/EPAY/ISDT/2025-11-06
:61:251106C000000000925,12N100EREF//2937990
NL47RABO0165845929
:86:/EREF/06-11-2025 21:34 7020064791623080/TRCD/100/ORDP//NAME
/J.L.A. Pullens eo A.J.H. Strijk/REMI/9058472010
 7020064791623080 BT xui-39399061/PURP//CD/EPAY/ISDT/2025-11-06
:61:251106C000000000558,80N100EREF//2937991
NL30RABO0142132063
:86:/EREF/06-11-2025 21:37 7020264791502732/TRCD/100/ORDP//NAME
/N. Platschorre eo A.L.W. Platschorre-Verhaegen/REMI/9058469674
 7020264791502732 KM xui-15605361/PURP//CD/EPAY/ISDT/2025-11-06
:61:251106C000000000534,80N100EREF//2937992
NL17RABO0358152364
:86:/EREF/06-11-2025 21:37 7020195406563995/TRCD/100/ORDP//NAME
/J. Nijholt/REMI/9058475647 7020195406563995 MD xui-50042547
/PURP//CD/EPAY/ISDT/2025-11-06
:61:251106C000000000742,32N100EREF//2937993
NL28RABO0160944376
:86:/EREF/06-11-2025 21:39 7020505088563158/TRCD/100/ORDP//NAME
/M. van Meggelen/REMI/9058475229 7020505088563158 SL xui
-90247642/PURP//CD/EPAY/ISDT/2025-11-06
:61:251106C000000000419,32N100EREF//2937994
NL64RABO0351707905
:86:/EREF/06-11-2025 21:50 7020474809534571/TRCD/100/ORDP//NAME
/M. Berghuis/REMI/9058499984 7020474809534571 EH xui-47097133
/PURP//CD/EPAY/ISDT/2025-11-06
:61:251106C000000001203,25N100EREF//2937995
NL21RABO0388189215
:86:/EREF/06-11-2025 21:54 7020704791414826/TRCD/100/ORDP//NAME
/J.E.H. Stoltz-van Tuijl/REMI/9058505470 7020704791414826 HB xui
-29142299/PURP//CD/EPAY/ISDT/2025-11-06
:61:251106C000000000377,35N100EREF//2937996
NL38RABO0328019712
:86:/EREF/06-11-2025 21:56 7020805985594940/TRCD/100/ORDP//NAME
/P. van der Walle/REMI/9058510185 7020805985594940 HB xui
-82998309/PURP//CD/EPAY/ISDT/2025-11-06
:61:251106C000000001649,40N100EREF//2937997
NL72RABO0372725236
:86:/EREF/06-11-2025 21:56 7020085097534046/TRCD/100/ORDP//NAME
/R.T.C. Neggers/REMI/9058509349 7020085097534046 MD xui-84050087
/PURP//CD/EPAY/ISDT/2025-11-06
:61:251106C000000000281,90N100EREF//2937998
NL67RABO0333515986
:86:/EREF/06-11-2025 21:59 7020215397684076/TRCD/100/ORDP//NAME
/R.T. Bakker eo T. Bakker-van Dijk/REMI/9058512348
 7020215397684076 SR xui-44098698/PURP//CD/EPAY/ISDT/2025-11-06
:61:251106C000000000417,20N100EREF//2937999
NL75RABO0162372728
:86:/EREF/06-11-2025 22:01 7020204485623722/TRCD/100/ORDP//NAME
/A. Zywek/REMI/9058518202 7020204485623722 MD xui-42129320/PURP/
/CD/EPAY/ISDT/2025-11-06
:61:251106C000000000409,00N100EREF//2938000
NL37RABO0300079850
:86:/EREF/06-11-2025 22:03 7020886585654694/TRCD/100/ORDP//NAME
/Epke Zonderland/REMI/9058523489 7020886585654694 ZV xui
-32587782/PURP//CD/EPAY/ISDT/2025-11-06
:61:251106C000000000514,40N541EREF//2938001
BE49310128213171
:86:/EREF/2b03576e01404c20a2ef361fcdc13986/TRCD/541/ORDP//NAME
/MEVR AN PIETERS/REMI/Boekingsnummer 6990205/PURP//CD/OTHR/ISDT
/2025-11-06
:61:251106C000000000644,04N100EREF//2938002
NL85RABO0133356647
:86:/EREF/06-11-2025 22:09 7020266288593431/TRCD/100/ORDP//NAME
/M.F.M. Das eo J.J.C.A. Ham/REMI/9058533274 7020266288593431 KV
 xui-71138889/PURP//CD/EPAY/ISDT/2025-11-06
:61:251106C000000000818,00N100EREF//2938003
NL05RABO0124197213
:86:/EREF/06-11-2025 22:10 7020665106622582/TRCD/100/ORDP//NAME
/F.M.J. Kikken eo G.M.H. Kikken-Ritzen/REMI/9058534924
 7020665106622582 MD xui-55656561/PURP//CD/EPAY/ISDT/2025-11-06
:61:251106C000000000554,24N100EREF//2938004
NL45RABO0145327361
:86:/EREF/06-11-2025 22:09 7020016003594469/TRCD/100/ORDP//NAME
/Q.J.M. Pinxteren/REMI/9058534949 7020016003594469 EH xui
-89532597/PURP//CD/EPAY/ISDT/2025-11-06
:61:251106C000000001384,98N100EREF//2938005
NL80RABO0385395523
:86:/EREF/06-11-2025 22:09 7020504185503227/TRCD/100/ORDP//NAME
/J.W. Meijer-Smeekes eo R.R.D.J. Meijer-Smeekes/REMI/9058530135
 7020504185503227 VN xui-84764352/PURP//CD/EPAY/ISDT/2025-11-06
:61:251106C000000000050,00N100EREF//2938006
NL63RABO0106754599
:86:/EREF/06-11-2025 22:16 7020614203594379/TRCD/100/ORDP//NAME
/C.D. Joosten/REMI/9058542539 7020614203594379 HH xui-63854549
/PURP//CD/EPAY/ISDT/2025-11-06
:61:251106C000000000848,24N100EREF//2938007
NL72RABO0107259516
:86:/EREF/06-11-2025 22:16 7020435403503707/TRCD/100/ORDP//NAME
/M.W. Steijven/REMI/9058539662 7020435403503707 EH xui-38077462
/PURP//CD/EPAY/ISDT/2025-11-06
:61:251106C000000000059,00N100EREF//2938008
NL35RABO0149276508
:86:/EREF/06-11-2025 22:18 7020655106564181/TRCD/100/ORDP//NAME
/I.L.A. Wisniewski eo J.H.L.H. Courtens/REMI/9058547486
 7020655106564181 EP xui-84388660/PURP//CD/EPAY/ISDT/2025-11-06
:61:251106C000000000333,10N541EREF//2938009
NL10RABO0335498140
:86:/EREF/OO9B005182914159/PREF/OO9B005182914159/TRCD/541/ORDP/
/NAME/T.O. de Boer-Hoekstra/REMI/Reserverings nr 4260015/ISDT
/2025-11-06
:61:251106C000000000037,90N100EREF//2938010
NL13RABO0305185004
:86:/EREF/06-11-2025 22:23 7020735388564886/TRCD/100/ORDP//NAME
/E.W. Brouwers eo H. Smit/REMI/9058554021 7020735388564886 LH
 xui-82950923/PURP//CD/EPAY/ISDT/2025-11-06
:61:251106C000000001201,02N100EREF//2938011
NL78RABO0325058067
:86:/EREF/06-11-2025 22:27 7020705391473827/TRCD/100/ORDP//NAME
/T. Klijn eo L.Klijn-Stofbergen/REMI/9058562399 7020705391473827
 AR xui-93407042/PURP//CD/EPAY/ISDT/2025-11-06
:61:251106C000000000409,65N100EREF//2938012
NL37RABO0351130853
:86:/EREF/06-11-2025 22:32 7020035697684472/TRCD/100/ORDP//NAME
/J. van der Brugge/REMI/9058568120 7020035697684472 HH xui
-52432302/PURP//CD/EPAY/ISDT/2025-11-06
:61:251106C000000001137,45N100EREF//2938013
NL45RABO0370316339
:86:/EREF/06-11-2025 22:33 7020004203624991/TRCD/100/ORDP//NAME
/C. Zwanenburg eo A. van der Bend/REMI/9058568723
 7020004203624991 LH xui-67432510/PURP//CD/EPAY/ISDT/2025-11-06
:61:251106C000000000524,58N100EREF//2938014
NL40RABO0370548841
:86:/EREF/06-11-2025 22:32 7020144188534229/TRCD/100/ORDP//NAME
/J.A.A.M. Snoeijs/REMI/9058570071 7020144188534229 LA xui
-12838017/PURP//CD/EPAY/ISDT/2025-11-06
:61:251106C000000000694,00N100EREF//2938015
NL57RABO0349185255
:86:/EREF/06-11-2025 22:36 7020026285474532/TRCD/100/ORDP//NAME
/GewoonUNIEK B.V./REMI/9058573300 7020026285474532 MD xui
-11896172/PURP//CD/EPAY/ISDT/2025-11-06
:61:251106C000000000694,00N100EREF//2938016
NL57RABO0349185255
:86:/EREF/06-11-2025 22:38 7020074203592477/TRCD/100/ORDP//NAME
/GewoonUNIEK B.V./REMI/9058580047 7020074203592477 MD xui
-11896172/PURP//CD/EPAY/ISDT/2025-11-06
:61:251106C000000000694,00N100EREF//2938017
NL57RABO0349185255
:86:/EREF/06-11-2025 22:40 7020046306562639/TRCD/100/ORDP//NAME
/GewoonUNIEK B.V./REMI/9058582970 7020046306562639 MD xui
-11896172/PURP//CD/EPAY/ISDT/2025-11-06
:61:251106C000000000694,00N100EREF//2938018
NL57RABO0349185255
:86:/EREF/06-11-2025 22:42 7020576600652390/TRCD/100/ORDP//NAME
/GewoonUNIEK B.V./REMI/9058584457 7020576600652390 MD xui
-11896172/PURP//CD/EPAY/ISDT/2025-11-06
:61:251106C000000000694,00N100EREF//2938019
NL57RABO0349185255
:86:/EREF/06-11-2025 22:44 7020656306652954/TRCD/100/ORDP//NAME
/GewoonUNIEK B.V./REMI/9058586936 7020656306652954 MD xui
-11896172/PURP//CD/EPAY/ISDT/2025-11-06
:61:251106C000000002484,80N100EREF//2938020
NL49RABO0189344725
:86:/EREF/06-11-2025 22:46 7020986006653260/TRCD/100/ORDP//NAME
/J. Viel/REMI/9058583832 7020986006653260 HH xui-12293754/PURP/
/CD/EPAY/ISDT/2025-11-06
:61:251106C000000000694,00N100EREF//2938021
NL57RABO0349185255
:86:/EREF/06-11-2025 22:50 7020826594682246/TRCD/100/ORDP//NAME
/GewoonUNIEK B.V./REMI/9058594478 7020826594682246 MD xui
-11896172/PURP//CD/EPAY/ISDT/2025-11-06
:61:251106C000000000472,00N100EREF//2938022
NL05RABO0192315269
:86:/EREF/06-11-2025 22:50 7020115406504628/TRCD/100/ORDP//NAME
/A.A. van Hengel eo R.F. Baart/REMI/9058594380 7020115406504628
 ZV xui-28064276/PURP//CD/EPAY/ISDT/2025-11-06
:61:251106C000000000694,00N100EREF//2938023
NL57RABO0349185255
:86:/EREF/06-11-2025 22:52 7020194800682069/TRCD/100/ORDP//NAME
/GewoonUNIEK B.V./REMI/9058596681 7020194800682069 MD xui
-11896172/PURP//CD/EPAY/ISDT/2025-11-06
:61:251106C000000001231,97N100EREF//2938024
NL40RABO0151865833
:86:/EREF/06-11-2025 22:47 7020135091623995/TRCD/100/ORDP//NAME
/G.C.G. Stijsiger/REMI/9058585419 7020135091623995 VM xui
-86699224/PURP//CD/EPAY/ISDT/2025-11-06
:61:251106C000000000694,00N100EREF//2938025
NL57RABO0349185255
:86:/EREF/06-11-2025 22:54 7020126606653977/TRCD/100/ORDP//NAME
/GewoonUNIEK B.V./REMI/9058599096 7020126606653977 MD xui
-11896172/PURP//CD/EPAY/ISDT/2025-11-06
:61:251106C000000000694,00N100EREF//2938026
NL57RABO0349185255
:86:/EREF/06-11-2025 22:57 7020534203504481/TRCD/100/ORDP//NAME
/GewoonUNIEK B.V./REMI/9058606300 7020534203504481 MD xui
-11896172/PURP//CD/EPAY/ISDT/2025-11-06
:61:251106C000000000670,00N100EREF//2938027
NL57RABO0349185255
:86:/EREF/06-11-2025 23:00 7020385106562621/TRCD/100/ORDP//NAME
/GewoonUNIEK B.V./REMI/9058609863 7020385106562621 MD xui
-11896172/PURP//CD/EPAY/ISDT/2025-11-06
:61:251106C000000000670,00N100EREF//2938028
NL57RABO0349185255
:86:/EREF/06-11-2025 23:02 7020245991683605/TRCD/100/ORDP//NAME
/GewoonUNIEK B.V./REMI/9058610167 7020245991683605 MD xui
-11896172/PURP//CD/EPAY/ISDT/2025-11-06
:61:251106C000000000668,24N100EREF//2938029
NL02RABO0326279695
:86:/EREF/06-11-2025 23:04 7020075097624277/TRCD/100/ORDP//NAME
/A. vd Graaf/REMI/9058613244 7020075097624277 EH xui-25313829
/PURP//CD/EPAY/ISDT/2025-11-06
:61:251106C000000000492,24N100EREF//2938030
NL71RABO0366204041
:86:/EREF/06-11-2025 23:04 7020836009623971/TRCD/100/ORDP//NAME
/J.G.W. Overgoor/REMI/9058614758 7020836009623971 EH xui
-97912154/PURP//CD/EPAY/ISDT/2025-11-06
:61:251106C000000000185,00N100EREF//2938031
NL49RABO0189344725
:86:/EREF/06-11-2025 23:07 7020014191412159/TRCD/100/ORDP//NAME
/J. Viel/REMI/9058618365 7020014191412159 EH xui-12293754/PURP/
/CD/EPAY/ISDT/2025-11-06
:61:251106C000000000423,28N100EREF//2938032
NL10RABO0124929958
:86:/EREF/06-11-2025 23:07 7020636882444958/TRCD/100/ORDP//NAME
/B.J. Bilyj eo C.M. de Wit/REMI/9058617361 7020636882444958 OD
 xui-38792536/PURP//CD/EPAY/ISDT/2025-11-06
:61:251106C000000000699,40N100EREF//2938033
NL37RABO0112451586
:86:/EREF/06-11-2025 23:17 7020225088473332/TRCD/100/ORDP//NAME
/I.W.G. Beukeveld eo J. Okken/REMI/9058628593 7020225088473332
 VN xui-73218493/PURP//CD/EPAY/ISDT/2025-11-06
:61:251106C000000000670,00N100EREF//2938034
NL57RABO0349185255
:86:/EREF/06-11-2025 23:22 7020866285593656/TRCD/100/ORDP//NAME
/GewoonUNIEK B.V./REMI/9058635950 7020866285593656 MD xui
-11896172/PURP//CD/EPAY/ISDT/2025-11-06
:61:251106C000000000670,00N100EREF//2938035
NL57RABO0349185255
:86:/EREF/06-11-2025 23:25 7020516594652342/TRCD/100/ORDP//NAME
/GewoonUNIEK B.V./REMI/9058640311 7020516594652342 MD xui
-11896172/PURP//CD/EPAY/ISDT/2025-11-06
:61:251106C000000000670,00N100EREF//2938036
NL57RABO0349185255
:86:/EREF/06-11-2025 23:27 7020064191594697/TRCD/100/ORDP//NAME
/GewoonUNIEK B.V./REMI/9058643290 7020064191594697 MD xui
-11896172/PURP//CD/EPAY/ISDT/2025-11-06
:61:251106C000000000670,00N100EREF//2938037
NL57RABO0349185255
:86:/EREF/06-11-2025 23:28 7020505385682810/TRCD/100/ORDP//NAME
/GewoonUNIEK B.V./REMI/9058647037 7020505385682810 MD xui
-11896172/PURP//CD/EPAY/ISDT/2025-11-06
:61:251106C000000000032,00N100EREF//2938038
NL77RABO0121515613
:86:/EREF/06-11-2025 23:45 7020515091653548/TRCD/100/ORDP//NAME
/K.F.J. Timmermans eo W.P.L. van de Klok/REMI/9058665163
 7020515091653548 EH xui-46911317/PURP//CD/EPAY/ISDT/2025-11-06
:61:251106C000000000633,36N100EREF//2938039
NL87RABO0305574582
:86:/EREF/06-11-2025 23:45 7020795988652402/TRCD/100/ORDP//NAME
/J.P. Slager eo S. Slager-Overeem/REMI/9058665221
 7020795988652402 EH xui-99908343/PURP//CD/EPAY/ISDT/2025-11-06
:61:251106C000000000468,50N100EREF//2938040
NL05RABO0351439889
:86:/EREF/06-11-2025 23:46 7020254797414880/TRCD/100/ORDP//NAME
/L. Pit/REMI/9058665332 7020254797414880 HH xui-38630363/PURP/
/CD/EPAY/ISDT/2025-11-06
:61:251106C000000000888,36N100EREF//2938041
NL92RABO0158251571
:86:/EREF/06-11-2025 23:48 7020836582413041/TRCD/100/ORDP//NAME
/G.J. van Duijn eo V. Guyt/REMI/9058667069 7020836582413041 EH
 xui-66719046/PURP//CD/EPAY/ISDT/2025-11-06
:61:251106C000000000288,40N100EREF//2938042
NL13RABO0132685345
:86:/EREF/06-11-2025 23:50 7020944185534013/TRCD/100/ORDP//NAME
/N. Wind/REMI/9058670093 7020944185534013 SR xui-27343302/PURP/
/CD/EPAY/ISDT/2025-11-06
:62F:C251106EUR000000081758,66
:64:C251106EUR000000081758,66
:65:C251107EUR000000081758,66
:65:C251108EUR000000081758,66
:65:C251109EUR000000081758,66
:65:C251110EUR000000081758,66