:940:
:20:940S251105
:25:NL48RABO0300002343 EUR
:28C:25309
:60F:C251104EUR000000093024,99
:61:251105C000000000601,80N100EREF//OO9T005176529767
NL04RABO0355942550
:86:/EREF/05-11-2025 00:13 7020325388509500/TRCD/100/ORDP//NAME/M. de
 Boon eo S. de Boon-van Gangelen/REMI/9053733943 7020325388509500
 HH xui-35179006/PURP//CD/EPAY/ISDT/2025-11-05
:61:251105C000000000678,15N541EREF//OO9T005065373850
NL45RABO0165878169
:86:/EREF/OO9B005065373850/PREF/OO9B005065373850/TRCD/541/ORDP//NAME/
F.W.J. van Zelst eo C.J.M v Zelst-van der Velden/REMI/Ref. 583283
5/ISDT/2025-11-05
:61:251105C000000000941,64N541EREF//OO9T005149489137
NL25RABO0371629497
:86:/EREF/OO9B005149489137/PREF/OO9B005149489137/TRCD/541/ORDP//NAME/
J.P.J. Zuiker eo A.M.E. Zuiker-Timmer/REMI/4174023/ISDT/2025-11-0
5
:61:251105C000000001859,18N541EREF//OO9T005174709350
NL66RABO0143480588
:86:/EREF/OO9B005174709350/PREF/OO9B005174709350/TRCD/541/ORDP//NAME/
M.A.J.Smets-Lamers/REMI/Reserveringsnummer 5280379   M.A.J. Smets
 Lamers/ISDT/2025-11-05
:61:251105C000000000540,04N541NONREF//PEIP-20251105112
NL47ABNA0433773820
:86:/TRCD/541/ORDP//NAME/HJ BRINK CJ/REMI/boekingsnummer: 9749145/ISD
T/2025-11-05
:61:251105C000000000025,00N541NONREF//PEIP-20251105113
NL47KNAB0776850040
:86:/TRCD/541/ORDP//NAME/D. D. van Eck/REMI//CDTRREFTP//CD/SCOR/ISSR/
CUR/CDTRREF/5745627/ISDT/2025-11-05
:61:251105C000000000302,28N100EREF//OO9T005176820567
NL29RABO0120681307
:86:/EREF/05-11-2025 07:03 7020685106567007/TRCD/100/ORDP//NAME/S.M. 
Vermeulen eo D.B.J. van der Hoeven/REMI/9054041433 70206851065670
07 VN xui-13349654/PURP//CD/EPAY/ISDT/2025-11-05
:61:251105C000000001616,60N541NONREF//PEIP-20251105113
NL51INGB0753402564
:86:/TRCD/541/ORDP//NAME/Hr GET Johannes, Mw EGM Johannes-Dokman/REMI
/9378027/ISDT/2025-11-05
:61:251105C000000000000,60N541NONREF//PEIP-20251105113
NL62SNSB0267976771
:86:/TRCD/541/ORDP//NAME/L. Meerhof/REMI/boeknummer 9754854/ISDT/2025
 11-05
:61:251105C000000000466,00N100EREF//OO9T005176858148
NL07RABO0375375767
:86:/EREF/05-11-2025 07:35 7020126894537628/TRCD/100/ORDP//NAME/J. va
n Veen/REMI/9054074515 7020126894537628 ZV xui-38332631/PURP//CD/
EPAY/ISDT/2025-11-05
:61:251105C000000000618,32N100EREF//OO9T005176881343
NL61RABO0377066087
:86:/EREF/05-11-2025 07:51 7020336588537427/TRCD/100/ORDP//NAME/M. Ve
lthuizen-van Zellingen eo R. Velthuizen/REMI/9054102752 702033658
8537427 HE xui-28059342/PURP//CD/EPAY/ISDT/2025-11-05
:61:251105C000000000250,00N541EREF//OO9T005176908634
NL46RABO0113545002
:86:/EREF/OO9B005176908634/PREF/OO9B005176908634/TRCD/541/ORDP//NAME/
G.P.T.J. Maas e.o. A.J. Maas-Vrielink/REMI/Boekingsnr.: 2947324/I
SDT/2025-11-05
:61:251105C000000000250,00N100EREF//43236817510
NL69ABNA0405143389
:86:/EREF/04-11-2025 20:15 7020134803598516/TRCD/100/ORDP//NAME/JAM S
CHAAF/REMI/9053350961 7020134803598516 KV/PURP//CD/EPAY/ISDT/2025
 11-05
:61:251105C000000001320,48N100EREF//43236816860
NL29RBRB0929945689
:86:/EREF/2025-11-04T19:51 7020694209660346/TRCD/100/ORDP//NAME/J.S.W
. van Woerkom/REMI/9053304687 7020694209660346 EH/PURP//CD/EPAY/I
SDT/2025-11-05
:61:251105C000000000480,48N100EREF//43236855325
NL45ABNA0487215230
:86:/EREF/04-11-2025 15:32 7020894197629431/TRCD/100/ORDP//NAME/JJP V
ERHOEVEN/REMI/9052676113 7020894197629431 KV/PURP//CD/EPAY/ISDT/2
025-11-05
:61:251105C000000001582,70N100EREF//43236854117
NL16ABNA0406289913
:86:/EREF/04-11-2025 19:01 7020676003478858/TRCD/100/ORDP//NAME/FJM S
TURKENBOOM CJ/REMI/9053188411 7020676003478858 KV/PURP//CD/EPAY/I
SDT/2025-11-05
:61:251105C000000000659,25N100EREF//43236853810
NL88ABNA0605550964
:86:/EREF/04-11-2025 16:26 7020584206630994/TRCD/100/ORDP//NAME/LIESB
ETH A ZANDVOORT/REMI/9052815920 7020584206630994 KV/PURP//CD/EPAY
/ISDT/2025-11-05
:61:251105C000000000112,50N100EREF//43236815857
NL10ABNA0427895995
:86:/EREF/04-11-2025 17:16 7020856900688390/TRCD/100/ORDP//NAME/J VAN
 DER LAAN/REMI/9052948703 7020856900688390 KV/PURP//CD/EPAY/ISDT/
2025-11-05
:61:251105C000000000988,16N100EREF//43236815053
NL74SNSB0947982833
:86:/EREF/2025-11-04T15:31 7020124491629599/TRCD/100/ORDP//NAME/T. de
 Jong/REMI/9052680686 7020124491629599 EH/PURP//CD/EPAY/ISDT/2025
 11-05
:61:251105C000000000852,16N100EREF//43236851442
NL86ABNA0413845826
:86:/EREF/04-11-2025 20:40 7020175091629632/TRCD/100/ORDP//NAME/B VAN
 ROOSMALEN/REMI/9053406497 7020175091629632 VN/PURP//CD/EPAY/ISDT
/2025-11-05
:61:251105C000000000678,80N100EREF//43236846121
NL89ABNA0562767835
:86:/EREF/04-11-2025 20:40 7020196585449152/TRCD/100/ORDP//NAME/EJ GE
LDERLAND CJ/REMI/9053402677 7020196585449152 KV/PURP//CD/EPAY/ISD
T/2025-11-05
:61:251105C000000000577,48N100EREF//43236850033
NL82ABNA0809752077
:86:/EREF/04-11-2025 17:12 7020035991629080/TRCD/100/ORDP//NAME/SMALL
EGANGE A S M/REMI/9052938393 7020035991629080 PZ/PURP//CD/EPAY/IS
DT/2025-11-05
:61:251105C000000000976,20N541EREF//43236849584
NL47ABNA0244647100
:86:/EREF/ONVW-3306-04112025-228-BO31632/TRCD/541/ORDP//NAME/KONINGS 
EO MW J,A/REMI/Reservering 5195480/ISDT/2025-11-05
:61:251105C000000001307,28N100EREF//43236849224
NL34ABNA0469868821
:86:/EREF/04-11-2025 16:14 7020195082688066/TRCD/100/ORDP//NAME/MC KI
EWIET/REMI/9052786103 7020195082688066 HB/PURP//CD/EPAY/ISDT/2025
 11-05
:61:251105C000000000207,40N100EREF//43236842206
NL04ASNB0772880018
:86:/EREF/2025-11-04T16:05 7020656597599428/TRCD/100/ORDP//NAME/L. va
n der Loo e/o N.M.A. van Oirschot/REMI/9052763280 702065659759942
8 KV/PURP//CD/EPAY/ISDT/2025-11-05
:61:251105C000000000030,00N100EREF//43236843680
NL90SNSB0942503597
:86:/EREF/2025-11-04T19:11 7020214197629686/TRCD/100/ORDP//NAME/M. Fi
sscher/REMI/9053207038 7020214197629686 MD/PURP//CD/EPAY/ISDT/202
5-11-05
:61:251105C000000000359,60N100EREF//43236850193
NL74ABNA0537313850
:86:/EREF/04-11-2025 17:15 7020356882658468/TRCD/100/ORDP//NAME/P RIE
TDIJK CJ/REMI/9052934452 7020356882658468 EH/PURP//CD/EPAY/ISDT/2
025-11-05
:61:251105C000000000410,60N100EREF//43236818463
NL86ABNA0428479731
:86:/EREF/04-11-2025 15:58 7020314206508207/TRCD/100/ORDP//NAME/JP WI
LLEMS CJ/REMI/9052747069 7020314206508207 LH/PURP//CD/EPAY/ISDT/2
025-11-05
:61:251105C000000000314,12N100EREF//43236913271
NL06ABNA0577284894
:86:/EREF/04-11-2025 20:07 7020335409629974/TRCD/100/ORDP//NAME/MM VR
OONE MOSCH CJ/REMI/9053339293 7020335409629974 EH/PURP//CD/EPAY/I
SDT/2025-11-05
:61:251105C000000000056,00N100EREF//43236859675
NL04ASNB0772880018
:86:/EREF/2025-11-04T19:47 7020344500570070/TRCD/100/ORDP//NAME/L. va
n der Loo e/o N.M.A. van Oirschot/REMI/9053292427 702034450057007
0 KV/PURP//CD/EPAY/ISDT/2025-11-05
:61:251105C000000000059,00N100EREF//43236859107
NL21ABNA0601721640
:86:/EREF/04-11-2025 16:17 7020455097688468/TRCD/100/ORDP//NAME/DHP S
METS/REMI/9052789754 7020455097688468 PZ/PURP//CD/EPAY/ISDT/2025-
11-05
:61:251105C000000000243,40N100EREF//43236889652
NL50ABNA0974726567
:86:/EREF/04-11-2025 16:28 7020825109570826/TRCD/100/ORDP//NAME/L VAN
 DIJK/REMI/9052822803 7020825109570826 HH/PURP//CD/EPAY/ISDT/2025
 11-05
:61:251105C000000000043,20N100EREF//43236889826
NL73ABNA0422151491
:86:/EREF/04-11-2025 19:08 7020356291570028/TRCD/100/ORDP//NAME/T KLE
EFSTRA CJ/REMI/9053204173 7020356291570028 SR/PURP//CD/EPAY/ISDT/
2025-11-05
:61:251105C000000000143,00N100EREF//43236858424
NL31ABNA0434019712
:86:/EREF/04-11-2025 19:30 7020976297599197/TRCD/100/ORDP//NAME/I J G
 KALK/REMI/9053261051 7020976297599197 AG/PURP//CD/EPAY/ISDT/2025
 11-05
:61:251105C000000000642,00N100EREF//43236913406
NL79ABNA0812928202
:86:/EREF/04-11-2025 20:29 7020015385511000/TRCD/100/ORDP//NAME/M M A
 SCHUURMANS/REMI/9053378340 7020015385511000 KV/PURP//CD/EPAY/ISD
T/2025-11-05
:61:251105C000000000215,00N100EREF//43236882802
NL11ABNA0841413185
:86:/EREF/04-11-2025 20:24 7020614197660598/TRCD/100/ORDP//NAME/LICHT
LEITNER P H N/REMI/9053374387 7020614197660598 HH/PURP//CD/EPAY/I
SDT/2025-11-05
:61:251105C000000001941,40N100EREF//43236883361
NL16ASNB0707109922
:86:/EREF/2025-11-04T19:11 7020606309660496/TRCD/100/ORDP//NAME/S.H. 
Verburg/REMI/9053213455 7020606309660496 EH/PURP//CD/EPAY/ISDT/20
25-11-05
:61:251105C000000000387,74N100EREF//43236883423
NL41RBRB0690035470
:86:/EREF/2025-11-04T19:11 7020196006600286/TRCD/100/ORDP//NAME/M.C. 
de Geus e/o A. de Geus-Bezemer/REMI/9053207004 7020196006600286 E
H/PURP//CD/EPAY/ISDT/2025-11-05
:61:251105C000000000140,00N100EREF//43236885990
NL59ABNA0118691414
:86:/EREF/04-11-2025 20:33 7020686603660592/TRCD/100/ORDP//NAME/R ART
S CJ/REMI/9053384753 7020686603660592 VM/PURP//CD/EPAY/ISDT/2025-
11-05
:61:251105C000000000265,56N541EREF//OO9T005176918827
NL13RABO0117471186
:86:/EREF/OO9B005176918827/PREF/OO9B005176918827/TRCD/541/ORDP//NAME/
F.J.M. Nas eo C.M.W.M. Nas-Kaal/REMI/1073094 reserveringsnummer/I
SDT/2025-11-05
:61:251105C000000000514,29N100EREF//OO9T005176923445
NL98RABO0114283109
:86:/EREF/05-11-2025 08:15 7020914488416191/TRCD/100/ORDP//NAME/H.B.A
. Spekschate en of H. Spekschate-Nijhuis/REMI/9054144198 70209144
88416191 EH xui-15164782/PURP//CD/EPAY/ISDT/2025-11-05
:61:251105C000000002000,00N541NONREF//PEIP-20251105113
NL22INGB0695004042
:86:/TRCD/541/ORDP//NAME/Hr M Hoegee en/of Mw S S M Aalders/REMI/rese
rverings.nr. 9029098 fam. hoegee/ISDT/2025-11-05
:61:251105C000000001683,00N100EREF//43236917259
NL62SNSB8838626529
:86:/EREF/2025-11-04T22:19 7020625991479962/TRCD/100/ORDP//NAME/R.A.C
. Hermens/REMI/9053581658 7020625991479962 KV/PURP//CD/EPAY/ISDT/
2025-11-05
:61:251105C000000000737,35N100EREF//43236919222
NL36ABNA0496901036
:86:/EREF/04-11-2025 21:21 7020804185420952/TRCD/100/ORDP//NAME/JHJ D
E GRIP CJ/REMI/9053480693 7020804185420952 HE/PURP//CD/EPAY/ISDT/
2025-11-05
:61:251105C000000000308,00N100EREF//43236944010
NL83ABNA0425681238
:86:/EREF/05-11-2025 00:02 7020976588448570/TRCD/100/ORDP//NAME/JA SM
IT CJ/REMI/9053723707 7020976588448570 HB/PURP//CD/EPAY/ISDT/2025
 11-05
:61:251105C000000000150,00N100EREF//43236942333
NL06ABNA0626295017
:86:/EREF/04-11-2025 22:37 7020014182568132/TRCD/100/ORDP//NAME/PRISC
A SCHOT/REMI/9053611854 7020014182568132 KV/PURP//CD/EPAY/ISDT/20
25-11-05
:61:251105C000000000593,80N100EREF//43236992760
NL82SNSB0705515281
:86:/EREF/2025-11-04T20:56 7020484203598516/TRCD/100/ORDP//NAME/J. Du
ivis/REMI/9053434910 7020484203598516 SR/PURP//CD/EPAY/ISDT/2025-
11-05
:61:251105C000000000214,20N100EREF//43236992479
NL37SNSB8838695946
:86:/EREF/2025-11-04T21:32 7020896291568108/TRCD/100/ORDP//NAME/I.M.G
. Driessen e/o W.T. Thijssen/REMI/9053503562 7020896291568108 MD/
PURP//CD/EPAY/ISDT/2025-11-05
:61:251105C000000000051,80N100EREF//43236992704
NL32ASNB0782473881
:86:/EREF/2025-11-04T21:09 7020526609508435/TRCD/100/ORDP//NAME/T.M.E
. Zijlstra e/o G.L. van Oosten Slingeland/REMI/9053459706 7020526
609508435 KV/PURP//CD/EPAY/ISDT/2025-11-05
:61:251105C000000001466,88N100EREF//43237029454
NL19INGB0007058077
:86:/EREF/04-11-2025 20:31 7020645703479692/TRCD/100/ORDP//NAME/Hr B 
Tuk/REMI/9053386301 7020645703479692 AR/PURP//CD/EPAY/ISDT/2025-1
1-05
:61:251105C000000000358,40N100EREF//43237028414
NL67INGB0004674117
:86:/EREF/04-11-2025 19:31 7020326282659719/TRCD/100/ORDP//NAME/Hr J 
M H Swinkels en/of Mw G M B D Leyendecker/REMI/9053260815 7020326
282659719 MD/PURP//CD/EPAY/ISDT/2025-11-05
:61:251105C000000001273,60N100EREF//43237028748
NL15INGB0004645759
:86:/EREF/04-11-2025 19:22 7020615982570367/TRCD/100/ORDP//NAME/Hr B 
Eier,Mw JEP Eier-Schoen/REMI/9053240003 7020615982570367 ZV/PURP/
/CD/EPAY/ISDT/2025-11-05
:61:251105C000000001254,90N100EREF//43237027230
NL39INGB0006342051
:86:/EREF/04-11-2025 16:10 7020116609660409/TRCD/100/ORDP//NAME/Mw JM
ME Martens, Hr MWH Korthagen/REMI/9052770009 7020116609660409 MD/
PURP//CD/EPAY/ISDT/2025-11-05
:61:251105C000000000973,00N100EREF//43237052770
NL39INGB0669161772
:86:/EREF/04-11-2025 17:44 7020954509630508/TRCD/100/ORDP//NAME/Mw KA
 Preesman/REMI/9053007564 7020954509630508 NO/PURP//CD/EPAY/ISDT/
2025-11-05
:61:251105C000000001023,50N100EREF//43237053192
NL69INGB0002011334
:86:/EREF/04-11-2025 17:07 7020776303419707/TRCD/100/ORDP//NAME/Hr P 
Kok/REMI/9052924593 7020776303419707 MD/PURP//CD/EPAY/ISDT/2025-1
1-05
:61:251105C000000000323,70N100EREF//43237053196
NL17INGB0002087639
:86:/EREF/04-11-2025 17:45 7020095097658792/TRCD/100/ORDP//NAME/Hr C 
van Tatenhove,Mw MWC van Tatenhove-Valks/REMI/9053004576 70200950
97658792 LH/PURP//CD/EPAY/ISDT/2025-11-05
:61:251105C000000000250,00N100EREF//43237052267
NL50INGB0004164009
:86:/EREF/04-11-2025 19:19 7020305400418426/TRCD/100/ORDP//NAME/Mw TG
J Maton, Hr R van Hulst/REMI/9053232454 7020305400418426 LA/PURP/
/CD/EPAY/ISDT/2025-11-05
:61:251105C000000000539,48N100EREF//43237050504
NL03INGB0664751539
:86:/EREF/04-11-2025 19:22 7020015700689743/TRCD/100/ORDP//NAME/Hr B 
Heydenrych/REMI/9053243478 7020015700689743 PZ/PURP//CD/EPAY/ISDT
/2025-11-05
:61:251105C000000000894,48N100EREF//43237051530
NL30INGB0000933784
:86:/EREF/04-11-2025 20:39 7020714206568315/TRCD/100/ORDP//NAME/Mw M 
Varenhorst en/of Hr R J Mulder/REMI/9053394944 7020714206568315 E
H/PURP//CD/EPAY/ISDT/2025-11-05
:61:251105C000000000442,50N100EREF//43237056120
NL37ABNA0113733267
:86:/EREF/04-11-2025 18:51 7020645391509491/TRCD/100/ORDP//NAME/L I S
 A STAR CJ/REMI/9053162254 7020645391509491 MD/PURP//CD/EPAY/ISDT
/2025-11-05
:61:251105C000000000425,24N100EREF//43237055389
NL89INGB0003314557
:86:/EREF/04-11-2025 19:58 7020284800420757/TRCD/100/ORDP//NAME/Hr NH
M Driehuis, Mw TM Driehuis-de Graaf/REMI/9053316868 7020284800420
757 PZ/PURP//CD/EPAY/ISDT/2025-11-05
:61:251105C000000000468,20N100EREF//43237055652
NL87INGB0006472913
:86:/EREF/04-11-2025 20:20 7020794485659107/TRCD/100/ORDP//NAME/Hr P 
G T Nanninga/REMI/9053365086 7020794485659107 HH/PURP//CD/EPAY/IS
DT/2025-11-05
:61:251105C000000000464,50N100EREF//43237055727
NL91ABNA0881671207
:86:/EREF/04-11-2025 18:17 7020565400689992/TRCD/100/ORDP//NAME/Z BEN
CHOUIKH/REMI/9053088848 7020565400689992 HB/PURP//CD/EPAY/ISDT/20
25-11-05
:61:251105C000000000486,80N100EREF//43237058302
NL98ABNA0813851300
:86:/EREF/04-11-2025 18:13 7020626897418345/TRCD/100/ORDP//NAME/ZUIDE
MA B/REMI/9053074982 7020626897418345 HB/PURP//CD/EPAY/ISDT/2025-
11-05
:61:251105C000000000850,80N100EREF//43237059073
NL03INGB0662742184
:86:/EREF/04-11-2025 22:08 7020926909449611/TRCD/100/ORDP//NAME/Hr N 
Floor, Mw M Smits/REMI/9053567114 7020926909449611 KV/PURP//CD/EP
AY/ISDT/2025-11-05
:61:251105C000000000379,75N100EREF//43237080848
NL30INGB0752587269
:86:/EREF/04-11-2025 23:06 7020005085628900/TRCD/100/ORDP//NAME/Mw M 
van der Graaff, Hr PWH Dolmans/REMI/9053658300 7020005085628900 K
V/PURP//CD/EPAY/ISDT/2025-11-05
:61:251105C000000000435,48N100EREF//43237081153
NL23INGB0102869367
:86:/EREF/04-11-2025 21:04 7020886282480775/TRCD/100/ORDP//NAME/Mw HJ
 Egas/REMI/9053448245 7020886282480775 AG/PURP//CD/EPAY/ISDT/2025
 11-05
:61:251105C000000000286,40N100EREF//43237081070
NL04INGB0656758139
:86:/EREF/04-11-2025 21:09 7020236591449014/TRCD/100/ORDP//NAME/Hr S 
Sloot, Mw RW Rekke/REMI/9053457487 7020236591449014 MD/PURP//CD/E
PAY/ISDT/2025-11-05
:61:251105C000000000250,00N100EREF//43237059427
NL63INGB0004418788
:86:/EREF/04-11-2025 23:15 7020005994478369/TRCD/100/ORDP//NAME/Mw Z 
Beekink/REMI/9053668342 7020005994478369 MD/PURP//CD/EPAY/ISDT/20
25-11-05
:61:251105C000000001483,28N100EREF//43237082424
NL40INGB0703261134
:86:/EREF/04-11-2025 21:22 7020376603570121/TRCD/100/ORDP//NAME/Hr ET
 Riemersma,Mw AR Riemersma-Holman/REMI/9053480897 702037660357012
1 HE/PURP//CD/EPAY/ISDT/2025-11-05
:61:251105C000000000283,08N100EREF//43237085987
NL18INGB0008540255
:86:/EREF/04-11-2025 22:48 7020326891600661/TRCD/100/ORDP//NAME/Mw M 
Wieland/REMI/9053633295 7020326891600661 EH/PURP//CD/EPAY/ISDT/20
25-11-05
:61:251105C000000000772,60N100EREF//43237085696
NL94INGB0005465636
:86:/EREF/04-11-2025 21:47 7020504188688273/TRCD/100/ORDP//NAME/Hr M 
Nell e/o Mw H Nell-Kraaijeveld/REMI/9053525457 7020504188688273 M
D/PURP//CD/EPAY/ISDT/2025-11-05
:61:251105C000000000652,09N100EREF//43237083874
NL31INGB0664794394
:86:/EREF/04-11-2025 21:44 7020046606478381/TRCD/100/ORDP//NAME/Mw P 
Gooijer,Hr MD Helsloot/REMI/9053521701 7020046606478381 HE/PURP//
CD/EPAY/ISDT/2025-11-05
:61:251105C000000001398,40N100EREF//43237087001
NL86INGB0667184066
:86:/EREF/04-11-2025 22:54 7020415106480568/TRCD/100/ORDP//NAME/Mw SM
H van Eijk/REMI/9053633963 7020415106480568 HH/PURP//CD/EPAY/ISDT
/2025-11-05
:61:251105C000000001031,30N100EREF//43237088057
NL80INGB0002379639
:86:/EREF/04-11-2025 21:36 7020796585539314/TRCD/100/ORDP//NAME/Hr JH
 Uitendaal,Mw JNM Uitendaal-van der ./REMI/9053507399 70207965855
39314 KV/PURP//CD/EPAY/ISDT/2025-11-05
:61:251105C000000000359,70N100EREF//43237147413
NL87INGB0006236233
:86:/EREF/04-11-2025 19:26 7020854503688882/TRCD/100/ORDP//NAME/Hr G 
Floors en/of Mw A R Floors-Wassink/REMI/9053254810 70208545036888
82 AR/PURP//CD/EPAY/ISDT/2025-11-05
:61:251105C000000000228,00N100EREF//43237146414
NL35INGB0001244676
:86:/EREF/04-11-2025 18:19 7020325985539242/TRCD/100/ORDP//NAME/Mw L 
J Hekkema-Beukema en/of Hr W A L Hekkema/REMI/9053092048 70203259
85539242 HH/PURP//CD/EPAY/ISDT/2025-11-05
:61:251105C000000000293,45N100EREF//43237145739
NL75INGB0003279889
:86:/EREF/04-11-2025 19:22 7020446909660445/TRCD/100/ORDP//NAME/Mw J 
M Hagenbeek-van Dijk/REMI/9053242567 7020446909660445 HB/PURP//CD
/EPAY/ISDT/2025-11-05
:61:251105C000000001398,87N100EREF//43237170483
NL82INGB0007683175
:86:/EREF/04-11-2025 20:13 7020525691539713/TRCD/100/ORDP//NAME/KELM 
AFBOUW/REMI/9053346409 7020525691539713 EH/PURP//CD/EPAY/ISDT/202
5-11-05
:61:251105C000000000021,00N100EREF//43237171071
NL50INGB0003676099
:86:/EREF/04-11-2025 18:12 7020566588419737/TRCD/100/ORDP//NAME/Mw CJ
C Collewijn-Polderman, Hr JHM Collewijn/REMI/9053068724 702056658
8419737 PZ/PURP//CD/EPAY/ISDT/2025-11-05
:61:251105C000000001871,50N100EREF//43237172544
NL13INGB0001487087
:86:/EREF/04-11-2025 19:15 7020244806569059/TRCD/100/ORDP//NAME/Mw G 
P de Groot en/of Hr W Wester/REMI/9053217191 7020244806569059 EH/
PURP//CD/EPAY/ISDT/2025-11-05
:61:251105C000000000528,05N100EREF//43237172651
NL63INGB0389994758
:86:/EREF/04-11-2025 20:45 7020644506569038/TRCD/100/ORDP//NAME/Hr M 
Mobarsham,Mw D Siertsema/REMI/9053413108 7020644506569038 MD/PURP
//CD/EPAY/ISDT/2025-11-05
:61:251105C000000001155,04N100EREF//43237174318
NL54INGB0000386951
:86:/EREF/04-11-2025 20:24 7020076600690616/TRCD/100/ORDP//NAME/Mw A 
Bril-Muetstege/REMI/9053366363 7020076600690616 EH/PURP//CD/EPAY/
ISDT/2025-11-05
:61:251105C000000000471,80N100EREF//43237182119
NL26SNSB0705690695
:86:/EREF/2025-11-04T18:28 7020325694449884/TRCD/100/ORDP//NAME/P. Mo
dderkolk e/o R. Spijker/REMI/9053114527 7020325694449884 MD/PURP/
/CD/EPAY/ISDT/2025-11-05
:61:251105C000000000250,00N100EREF//43237182371
NL87INGB0670131490
:86:/EREF/04-11-2025 17:00 7020675103629527/TRCD/100/ORDP//NAME/Hr MS
 Boekelaar, Mw E van Silfhout/REMI/9052910271 7020675103629527 EH
/PURP//CD/EPAY/ISDT/2025-11-05
:61:251105C000000000389,20N100EREF//43237184565
NL19RBRB0687709709
:86:/EREF/2025-11-04T20:42 7020556597628432/TRCD/100/ORDP//NAME/W.P.M
.C. Peters e/o J.P. Peters-Fabus/REMI/9053403445 7020556597628432
 MD/PURP//CD/EPAY/ISDT/2025-11-05
:61:251105C000000000557,80N100EREF//43237180529
NL48INGB0003705720
:86:/EREF/04-11-2025 16:42 7020655988448729/TRCD/100/ORDP//NAME/Mw B 
Zaal-Stam,Hr JM Zaal/REMI/9052859718 7020655988448729 EH/PURP//CD
/EPAY/ISDT/2025-11-05
:61:251105C000000000517,00N100EREF//43237179646
NL66ASNB8830281581
:86:/EREF/2025-11-04T19:24 7020524485539932/TRCD/100/ORDP//NAME/S.H. 
Smit/REMI/9053244636 7020524485539932 BK/PURP//CD/EPAY/ISDT/2025-
11-05
:61:251105C000000000618,48N100EREF//43237179461
NL21ABNA0828360685
:86:/EREF/04-11-2025 20:49 7020586291570475/TRCD/100/ORDP//NAME/S DE 
JONG CJ/REMI/9053421219 7020586291570475 HE/PURP//CD/EPAY/ISDT/20
25-11-05
:61:251105C000000000260,04N100EREF//43236863675
NL75ABNA0580278042
:86:/EREF/04-11-2025 21:58 7020245103599272/TRCD/100/ORDP//NAME/FA RO
OMER/REMI/9053550185 7020245103599272 EH/PURP//CD/EPAY/ISDT/2025-
11-05
:61:251105C000000000254,60N100EREF//43236863678
NL46ABNA0609807692
:86:/EREF/04-11-2025 22:00 7020146597689779/TRCD/100/ORDP//NAME/S DE 
GROOT/REMI/9053551992 7020146597689779 ZV/PURP//CD/EPAY/ISDT/2025
 11-05
:61:251105C000000000522,10N100EREF//43236863600
NL78ABNA0579103803
:86:/EREF/04-11-2025 22:02 7020826588448093/TRCD/100/ORDP//NAME/TRIPL
E A BEWIND/REMI/9053555645 7020826588448093 KV/PURP//CD/EPAY/ISDT
/2025-11-05
:61:251105C000000000825,32N100EREF//43236864536
NL57ABNA0401799530
:86:/EREF/04-11-2025 21:18 7020746900600181/TRCD/100/ORDP//NAME/KR WI
ELAND/REMI/9053476266 7020746900600181 EH/PURP//CD/EPAY/ISDT/2025
 11-05
:61:251105C000000000595,50N100EREF//43236867791
NL83ABNA0862442362
:86:/EREF/04-11-2025 22:48 7020226588418198/TRCD/100/ORDP//NAME/S HOO
GSTEDER CJ/REMI/9053629999 7020226588418198 MD/PURP//CD/EPAY/ISDT
/2025-11-05
:61:251105C000000000015,00N100EREF//43237181139
NL55INGB0002339640
:86:/EREF/04-11-2025 19:09 7020034494419623/TRCD/100/ORDP//NAME/Mw K 
Schuurman/REMI/9053202706 7020034494419623 PZ/PURP//CD/EPAY/ISDT/
2025-11-05
:61:251105C000000000344,86N100EREF//43237183601
NL27INGB0663104823
:86:/EREF/04-11-2025 17:34 7020695691658699/TRCD/100/ORDP//NAME/Hr F 
T M van de Ven en/of Hr J P A Jansen/REMI/9052982469 702069569165
8699 AR/PURP//CD/EPAY/ISDT/2025-11-05
:61:251105C000000000877,80N100EREF//43236867075
NL23ABNA0492870241
:86:/EREF/04-11-2025 22:36 7020794506570406/TRCD/100/ORDP//NAME/C BRO
EKHUIS/REMI/9053606568 7020794506570406 EH/PURP//CD/EPAY/ISDT/202
5-11-05
:61:251105C000000000477,16N100EREF//43236868698
NL23ABNA0411848178
:86:/EREF/04-11-2025 23:30 7020416591510718/TRCD/100/ORDP//NAME/DWT B
AARS CJ/REMI/9053684671 7020416591510718 EH/PURP//CD/EPAY/ISDT/20
25-11-05
:61:251105C000000000026,00N100EREF//43236865434
NL52ABNA0890364370
:86:/EREF/04-11-2025 22:33 7020945106478366/TRCD/100/ORDP//NAME/OUDSH
OORN-VD BOGAARD CJ/REMI/9053610067 7020945106478366 HH/PURP//CD/E
PAY/ISDT/2025-11-05
:61:251105C000000000912,05N100EREF//43236865125
NL14ABNA0484185314
:86:/EREF/05-11-2025 06:05 7020495400627556/TRCD/100/ORDP//NAME/DALEY
 BRINKS/REMI/9053985641 7020495400627556 EH/PURP//CD/EPAY/ISDT/20
25-11-05
:61:251105C000000000789,25N100EREF//43236866363
NL14ABNA0559332378
:86:/EREF/04-11-2025 21:48 7020236282630367/TRCD/100/ORDP//NAME/FRANC
IS ROSBERGEN/REMI/9053531504 7020236282630367 HE/PURP//CD/EPAY/IS
DT/2025-11-05
:61:251105C000000001420,00N100EREF//43236865686
NL35ABNA0971618860
:86:/EREF/04-11-2025 21:38 7020764200539173/TRCD/100/ORDP//NAME/TAVER
NE R F/REMI/9053503264 7020764200539173 ZV/PURP//CD/EPAY/ISDT/202
5-11-05
:61:251105C000000000550,85N100EREF//43236937490
NL47RBRB0945424043
:86:/EREF/2025-11-04T21:06 7020405388509464/TRCD/100/ORDP//NAME/L.P. 
van der Winkel/REMI/9053451753 7020405388509464 PZ/PURP//CD/EPAY/
ISDT/2025-11-05
:61:251105C000000000667,36N100EREF//43236937578
NL38SNSB0926043633
:86:/EREF/2025-11-04T20:56 7020546594690754/TRCD/100/ORDP//NAME/T.G. 
Oldenburg/REMI/9053436587 7020546594690754 EH/PURP//CD/EPAY/ISDT/
2025-11-05
:61:251105C000000000989,13N100EREF//43236965753
NL42INGB0003975488
:86:/EREF/05-11-2025 06:48 7020426300535108/TRCD/100/ORDP//NAME/Hr J 
P G M vd Heijden en Mw H M vd Heijden-Rijken/REMI/9054019538 7020
426300535108 KV/PURP//CD/EPAY/ISDT/2025-11-05
:61:251105C000000001555,13N100EREF//43237001806
NL91INGB0755601319
:86:/EREF/04-11-2025 16:49 7020356603690355/TRCD/100/ORDP//NAME/BC va
n Klooster-Gerritsen, Hr R van Klooster/REMI/9052870986 702035660
3690355 EH/PURP//CD/EPAY/ISDT/2025-11-05
:61:251105C000000000238,96N100EREF//43237006802
NL29INGB0003222420
:86:/EREF/04-11-2025 17:47 7020694209508045/TRCD/100/ORDP//NAME/Hr P 
Onderdelinden, Mw A Onderdelinden-Visser/REMI/9053017932 70206942
09508045 KM/PURP//CD/EPAY/ISDT/2025-11-05
:61:251105C000000000339,40N100EREF//43237008706
NL02INGB0006040368
:86:/EREF/04-11-2025 19:43 7020685703598435/TRCD/100/ORDP//NAME/Mw R 
J van der Raad en/of Hr J J Metselaar/REMI/9053289439 70206857035
98435 MD/PURP//CD/EPAY/ISDT/2025-11-05
:61:251105C000000000661,09N100EREF//43237008490
NL12SNSB0956136702
:86:/EREF/2025-11-04T18:11 7020286591600088/TRCD/100/ORDP//NAME/R.G.A
. Pranger/REMI/9053069561 7020286591600088 BT/PURP//CD/EPAY/ISDT/
2025-11-05
:61:251105C000000000250,00N100EREF//43237008600
NL71SNSB0339703938
:86:/EREF/2025-11-04T18:08 7020716906479620/TRCD/100/ORDP//NAME/C.M. 
Kwant/REMI/9053066304 7020716906479620 LA/PURP//CD/EPAY/ISDT/2025
 11-05
:61:251105C000000001284,20N100EREF//43237002780
NL15INGB0004077824
:86:/EREF/04-11-2025 18:07 7020706591418861/TRCD/100/ORDP//NAME/Mw J 
vd Linden-Peters,Hr PA van der Linden/REMI/9053062639 70207065914
18861 HH/PURP//CD/EPAY/ISDT/2025-11-05
:61:251105C000000000550,80N100EREF//43237009465
NL48SNSB0958807531
:86:/EREF/2025-11-04T18:02 7020056597569404/TRCD/100/ORDP//NAME/W. La
an e/o E. Nuiver/REMI/9053047316 7020056597569404 HB/PURP//CD/EPA
Y/ISDT/2025-11-05
:61:251105C000000000673,92N100EREF//43237007423
NL44INGB0009313459
:86:/EREF/04-11-2025 20:37 7020655082539875/TRCD/100/ORDP//NAME/Mw J 
van Geest/REMI/9053396965 7020655082539875 AR/PURP//CD/EPAY/ISDT/
2025-11-05
:61:251105C000000000432,48N100EREF//43237031701
NL27INGB0687163927
:86:/EREF/04-11-2025 16:17 7020644203479137/TRCD/100/ORDP//NAME/Hr FA
C Rijnen, Mw LR Knol/REMI/9052786579 7020644203479137 EH/PURP//CD
/EPAY/ISDT/2025-11-05
:61:251105C000000000012,50N100EREF//43237032099
NL58ABNA0113751222
:86:/EREF/04-11-2025 18:06 7020124497600727/TRCD/100/ORDP//NAME/J VAN
 MARION CJ/REMI/9053061846 7020124497600727 KV/PURP//CD/EPAY/ISDT
/2025-11-05
:61:251105C000000000436,64N100EREF//43237033449
NL14INGB0001993021
:86:/EREF/04-11-2025 22:02 7020126306600331/TRCD/100/ORDP//NAME/Hr W 
Doppenberg,Mw D Doppenberg-Lokhorst/REMI/9053549942 7020126306600
331 HE/PURP//CD/EPAY/ISDT/2025-11-05
:61:251105C000000000554,80N100EREF//43237033183
NL18INGB0004324247
:86:/EREF/04-11-2025 19:42 7020154800688894/TRCD/100/ORDP//NAME/Hr AM
W Slis, Mw JJ Zwang/REMI/9053288060 7020154800688894 MD/PURP//CD/
EPAY/ISDT/2025-11-05
:61:251105C000000000139,40N100EREF//43237035046
NL95INGB0001097320
:86:/EREF/04-11-2025 20:59 7020605406539239/TRCD/100/ORDP//NAME/Mw CN
 Klaassen/REMI/9053438262 7020605406539239 HH/PURP//CD/EPAY/ISDT/
2025-11-05
:61:251105C000000002045,28N100EREF//43237036322
NL93INGB0004715068
:86:/EREF/04-11-2025 21:57 7020256591659239/TRCD/100/ORDP//NAME/Hr A 
Lavertu/REMI/9053545854 7020256591659239 EH/PURP//CD/EPAY/ISDT/20
25-11-05
:61:251105C000000000487,48N100EREF//43237035865
NL73INGB0006861165
:86:/EREF/04-11-2025 21:02 7020494191599944/TRCD/100/ORDP//NAME/Hr M 
C de Moor en/of Mw T den Boer/REMI/9053447815 7020494191599944 EH
/PURP//CD/EPAY/ISDT/2025-11-05
:61:251105C000000000968,45N100EREF//43237035748
NL97INGB0006324711
:86:/EREF/04-11-2025 21:55 7020426285568468/TRCD/100/ORDP//NAME/Mw CM
MA van den Heuvel, Hr AW Manders/REMI/9053540457 7020426285568468
 PZ/PURP//CD/EPAY/ISDT/2025-11-05
:61:251105C000000000401,20N100EREF//43237035747
NL92INGB0758527500
:86:/EREF/04-11-2025 21:56 7020224191510130/TRCD/100/ORDP//NAME/Hr RL
 Seuntjens,Mw SYM de Jonge/REMI/9053544039 7020224191510130 MD/PU
RP//CD/EPAY/ISDT/2025-11-05
:61:251105C000000000612,00N100EREF//43237035827
NL77INGB0008716024
:86:/EREF/04-11-2025 21:04 7020186288449362/TRCD/100/ORDP//NAME/Mw YJ
 Erasmus/REMI/9053449269 7020186288449362 TH/PURP//CD/EPAY/ISDT/2
025-11-05
:61:251105C000000001132,85N100EREF//43237035307
NL83INGB0792541294
:86:/EREF/04-11-2025 21:01 7020594788570187/TRCD/100/ORDP//NAME/Hr MB
A Selhorst,Mw EJM Koeckhoven/REMI/9053441825 7020594788570187 HH/
PURP//CD/EPAY/ISDT/2025-11-05
:61:251105C000000000482,20N100EREF//43237037284
NL44INGB0007697730
:86:/EREF/04-11-2025 21:19 7020566909659521/TRCD/100/ORDP//NAME/Hr J 
P R Jumpertz/REMI/9053474103 7020566909659521 KV/PURP//CD/EPAY/IS
DT/2025-11-05
:61:251105C000000000535,80N100EREF//43237060777
NL38INGB0006892932
:86:/EREF/04-11-2025 21:44 7020524188688099/TRCD/100/ORDP//NAME/Hr TJ
 Peperkamp, Mw SJM ten Vaarwerk/REMI/9053519830 7020524188688099 
ZV/PURP//CD/EPAY/ISDT/2025-11-05
:61:251105C000000000550,24N100EREF//43237065043
NL46INGB0004513475
:86:/EREF/04-11-2025 23:56 7020595694478264/TRCD/100/ORDP//NAME/Mw K 
Saengpradit/REMI/9053714880 7020595694478264 EH/PURP//CD/EPAY/ISD
T/2025-11-05
:61:251105C000000000385,10N100EREF//43237065851
NL12INGB0703796399
:86:/EREF/05-11-2025 00:16 7020896888449779/TRCD/100/ORDP//NAME/Mw LL
 van den Akker/REMI/9053735571 7020896888449779 KV/PURP//CD/EPAY/
ISDT/2025-11-05
:61:251105C000000001670,60N100EREF//43237121026
NL49INGB0675789796
:86:/EREF/04-11-2025 15:47 7020734185419200/TRCD/100/ORDP//NAME/Mw J 
T R Wilmsen/REMI/9052717594 7020734185419200 HH/PURP//CD/EPAY/ISD
T/2025-11-05
:61:251105C000000000349,16N100EREF//43237123285
NL52INGB0006064882
:86:/EREF/04-11-2025 18:38 7020855694658675/TRCD/100/ORDP//NAME/Mw M 
Beumer,Hr JRM Noordman/REMI/9053129976 7020855694658675 EH/PURP//
CD/EPAY/ISDT/2025-11-05
:61:251105C000000000200,00N100EREF//43237124090
NL79INGB0003627562
:86:/EREF/04-11-2025 16:00 7020485403479440/TRCD/100/ORDP//NAME/Hr C 
de Koning en Mw P G T de Koning-Veerman/REMI/9052746621 702048540
3479440 EP/PURP//CD/EPAY/ISDT/2025-11-05
:61:251105C000000000059,90N100EREF//43237125547
NL23INGB0664888046
:86:/EREF/04-11-2025 19:30 7020224197689101/TRCD/100/ORDP//NAME/Hr BC
 van Haren, Mw TME van der Pasch/REMI/9053263175 7020224197689101
 KV/PURP//CD/EPAY/ISDT/2025-11-05
:61:251105C000000000382,80N100EREF//43237127201
NL65INGB0798463759
:86:/EREF/04-11-2025 20:45 7020234191630100/TRCD/100/ORDP//NAME/Hr E 
Molijn/REMI/9053409634 7020234191630100 KV/PURP//CD/EPAY/ISDT/202
5-11-05
:61:251105C000000000428,27N100EREF//43237150418
NL49INGB0689508506
:86:/EREF/04-11-2025 20:26 7020625385539962/TRCD/100/ORDP//NAME/Hr M 
Koek,MMA Koek-Nelissen/REMI/9053376647 7020625385539962 AR/PURP//
CD/EPAY/ISDT/2025-11-05
:61:251105C000000000027,12N100EREF//43237129339
NL21INGB0009458985
:86:/EREF/04-11-2025 20:25 7020675394598477/TRCD/100/ORDP//NAME/Hr M 
Freeke, Mw APM Dernison/REMI/9053375767 7020675394598477 EH/PURP/
/CD/EPAY/ISDT/2025-11-05
:61:251105C000000000020,00N100EREF//43237127693
NL73INGB0003999471
:86:/EREF/04-11-2025 16:29 7020676291538375/TRCD/100/ORDP//NAME/Hr T 
Soeteman, Mw A Soeteman/REMI/9052813315 7020676291538375 PZ/PURP/
/CD/EPAY/ISDT/2025-11-05
:61:251105C000000000694,02N100EREF//43237155227
NL94INGB0003321839
:86:/EREF/04-11-2025 16:53 7020425094479881/TRCD/100/ORDP//NAME/Hr MJ
 Hopman/REMI/9052888289 7020425094479881 HA/PURP//CD/EPAY/ISDT/20
25-11-05
:61:251105C000000000814,06N100EREF//43237155225
NL52SNSB0977953610
:86:/EREF/2025-11-04T19:30 7020585397689239/TRCD/100/ORDP//NAME/B.W. 
Wisselink e/o B.W. Prange/REMI/9053256342 7020585397689239 PZ/PUR
P//CD/EPAY/ISDT/2025-11-05
:61:251105C000000000639,00N100EREF//43236892906
NL73BUNQ2080515861
:86:/EREF/04-11-2025 19:21 7020216288419428/TRCD/100/ORDP//NAME/J.A.G
. Van Zwaaij/REMI/9053237613 7020216288419428 LH/PURP//CD/EPAY/IS
DT/2025-11-05
:61:251105C000000000463,60N100EREF//43237155532
NL96RBRB8837379633
:86:/EREF/2025-11-04T20:26 7020316297598153/TRCD/100/ORDP//NAME/P.G. 
Kiestra e/o J. Fliegen/REMI/9053374112 7020316297598153 ZV/PURP//
CD/EPAY/ISDT/2025-11-05
:61:251105C000000001705,70N100EREF//43237158140
NL11INGB0006024783
:86:/EREF/04-11-2025 16:54 7020054482418651/TRCD/100/ORDP//NAME/Hr GJ
 van Oord,Mw L den Hartog/REMI/9052888367 7020054482418651 BT/PUR
P//CD/EPAY/ISDT/2025-11-05
:61:251105C000000000643,00N100EREF//43236894254
NL66ABNA0625600193
:86:/EREF/04-11-2025 21:08 7020345682600970/TRCD/100/ORDP//NAME/JOYCE
 VAN HAPEREN/REMI/9053456424 7020345682600970 TH/PURP//CD/EPAY/IS
DT/2025-11-05
:61:251105C000000001521,30N100EREF//43236896353
NL69ABNA0416433413
:86:/EREF/04-11-2025 21:40 7020985097598318/TRCD/100/ORDP//NAME/S LAN
GEBERG/REMI/9053516105 7020985097598318 BK/PURP//CD/EPAY/ISDT/202
5-11-05
:61:251105C000000000489,32N100EREF//43236896724
NL59ABNA0613414403
:86:/EREF/04-11-2025 22:16 7020165406690943/TRCD/100/ORDP//NAME/S VAN
 RAAIJ/REMI/9053575055 7020165406690943 PZ/PURP//CD/EPAY/ISDT/202
5-11-05
:61:251105C000000002584,40N100EREF//43236897093
NL40ABNA0611250675
:86:/EREF/04-11-2025 22:16 7020886300508957/TRCD/100/ORDP//NAME/BA ST
OLMEIJER/REMI/9053575141 7020886300508957 HB/PURP//CD/EPAY/ISDT/2
025-11-05
:61:251105C000000000616,24N100EREF//43236898678
NL61ABNA0555893367
:86:/EREF/04-11-2025 23:53 7020945085600565/TRCD/100/ORDP//NAME/JM DE
 JONG CJ/REMI/9053715533 7020945085600565 VM/PURP//CD/EPAY/ISDT/2
025-11-05
:61:251105C000000000381,16N100EREF//43236957507
NL87SNSB0705537404
:86:/EREF/2025-11-04T21:08 7020705394598609/TRCD/100/ORDP//NAME/W. Sc
hmaltz-Kelders e/o M. Schmaltz/REMI/9053456198 7020705394598609 E
H/PURP//CD/EPAY/ISDT/2025-11-05
:61:251105C000000000457,00N100EREF//43236957408
NL72SNSB0902327976
:86:/EREF/2025-11-04T21:29 7020605100479146/TRCD/100/ORDP//NAME/L.A.W
.M. Gulpen e/o B.P.M. Verkuijl/REMI/9053492015 7020605100479146 E
P/PURP//CD/EPAY/ISDT/2025-11-05
:61:251105C000000000550,38N100EREF//43236957368
NL67INGB0004379916
:86:/EREF/04-11-2025 22:12 7020406282448186/TRCD/100/ORDP//NAME/Hr CL
 van Os/REMI/9053572300 7020406282448186 HE/PURP//CD/EPAY/ISDT/20
25-11-05
:61:251105C000000000419,89N100EREF//43236957364
NL98INGB0004456667
:86:/EREF/04-11-2025 22:12 7020364203508789/TRCD/100/ORDP//NAME/Hr JN
 Melet/REMI/9053572928 7020364203508789 HE/PURP//CD/EPAY/ISDT/202
5-11-05
:61:251105C000000001448,86N100EREF//43237012021
NL17INGB0000881638
:86:/EREF/04-11-2025 16:07 7020475403449542/TRCD/100/ORDP//NAME/Mw S 
Teljeur/REMI/9052763518 7020475403449542 EH/PURP//CD/EPAY/ISDT/20
25-11-05
:61:251105C000000000658,47N541NONREF//43236982146
NL51INGB0003360443
:86:/TRCD/541/ORDP//NAME/A F Tomson en/of A J L Tomson-V Zanten/REMI/
Reserveringsnummer 1645588/ISDT/2025-11-05
:61:251105C000000000002,50N100EREF//43237040709
NL27INGB0659916045
:86:/EREF/04-11-2025 20:20 7020674803540271/TRCD/100/ORDP//NAME/Mw LM
R van Vliet/REMI/9053366227 7020674803540271 HB/PURP//CD/EPAY/ISD
T/2025-11-05
:61:251105C000000000455,26N100EREF//43237018316
NL87INGB0007950029
:86:/EREF/04-11-2025 20:38 7020474506689932/TRCD/100/ORDP//NAME/Mw E 
Zijlstra-Vos/REMI/9053393654 7020474506689932 BS/PURP//CD/EPAY/IS
DT/2025-11-05
:61:251105C000000001263,50N100EREF//43237017608
NL78INGB0701753943
:86:/EREF/04-11-2025 19:08 7020095709509329/TRCD/100/ORDP//NAME/Hr RE
 van Zaltbommel, Mw KR Verbeek/REMI/9053202489 7020095709509329 S
L/PURP//CD/EPAY/ISDT/2025-11-05
:61:251105C000000000190,40N100EREF//43237019914
NL85INGB0678047502
:86:/EREF/04-11-2025 19:11 7020214794689530/TRCD/100/ORDP//NAME/Mw MM
 Leeuwenhage/REMI/9053208077 7020214794689530 KV/PURP//CD/EPAY/IS
DT/2025-11-05
:61:251105C000000000799,32N100EREF//43237040039
NL37INGB0700424520
:86:/EREF/04-11-2025 19:56 7020705988598543/TRCD/100/ORDP//NAME/Hr B 
Wessels, Mw SA Turk/REMI/9053316583 7020705988598543 EH/PURP//CD/
EPAY/ISDT/2025-11-05
:61:251105C000000000981,72N100EREF//43237042324
NL89ABNA0595538606
:86:/EREF/04-11-2025 18:21 7020975091420148/TRCD/100/ORDP//NAME/D COR
NFIELD/REMI/9053095899 7020975091420148 KM/PURP//CD/EPAY/ISDT/202
5-11-05
:61:251105C000000000190,00N100EREF//43237042416
NL23INGB0005748020
:86:/EREF/04-11-2025 19:35 7020765391508855/TRCD/100/ORDP//NAME/Hr W 
B M van Ek en/of Mw W M du Prie/REMI/9053274107 7020765391508855 
SR/PURP//CD/EPAY/ISDT/2025-11-05
:61:251105C000000000479,40N100EREF//43237045076
NL65INGB0008708577
:86:/EREF/04-11-2025 21:06 7020715082628717/TRCD/100/ORDP//NAME/Mw ST
 de Greef, Hr DS Herps/REMI/9053454834 7020715082628717 ZV/PURP//
CD/EPAY/ISDT/2025-11-05
:61:251105C000000000858,56N100EREF//43237045152
NL42INGB0001824901
:86:/EREF/04-11-2025 20:58 7020665382508606/TRCD/100/ORDP//NAME/Hr J 
van Holten,Mw ED van Dam/REMI/9053437989 7020665382508606 BT/PURP
//CD/EPAY/ISDT/2025-11-05
:61:251105C000000000336,10N100EREF//43237045094
NL87INGB0702763551
:86:/EREF/04-11-2025 21:54 7020245994538876/TRCD/100/ORDP//NAME/Mw CM
E Hanse/REMI/9053540245 7020245994538876 KV/PURP//CD/EPAY/ISDT/20
25-11-05
:61:251105C000000000854,40N100EREF//43237043946
NL81INGB0007774664
:86:/EREF/04-11-2025 22:09 7020144491508258/TRCD/100/ORDP//NAME/Mw M 
Lentjes/REMI/9053564747 7020144491508258 HH/PURP//CD/EPAY/ISDT/20
25-11-05
:61:251105C000000000491,64N100EREF//43237043800
NL49INGB0798595094
:86:/EREF/04-11-2025 20:57 7020025388570652/TRCD/100/ORDP//NAME/Hr VD
 van Rossum,Mw PPF Cloosterman/REMI/9053429479 7020025388570652 H
E/PURP//CD/EPAY/ISDT/2025-11-05
:61:251105C000000000051,00N100EREF//43237044201
NL88INGB0005607752
:86:/EREF/04-11-2025 22:08 7020404209598840/TRCD/100/ORDP//NAME/Hr W 
Groen en/of Mw H de Vries/REMI/9053565645 7020404209598840 PZ/PUR
P//CD/EPAY/ISDT/2025-11-05
:61:251105C000000000442,56N100EREF//43237044081
NL51INGB0674288297
:86:/EREF/04-11-2025 21:02 7020924494479179/TRCD/100/ORDP//NAME/Hr RP
W van Engelshoven, Mw AMC van de Nostrum/REMI/9053441834 70209244
94479179 EP/PURP//CD/EPAY/ISDT/2025-11-05
:61:251105C000000000816,10N100EREF//43237045604
NL09INGB0008930745
:86:/EREF/04-11-2025 21:54 7020664209538054/TRCD/100/ORDP//NAME/Mw S 
Kreuning/REMI/9053541263 7020664209538054 HH/PURP//CD/EPAY/ISDT/2
025-11-05
:61:251105C000000000030,00N100EREF//43237046031
NL92INGB0006692043
:86:/EREF/04-11-2025 21:09 7020865094569866/TRCD/100/ORDP//NAME/Mw C 
Pietersen/REMI/9053460265 7020865094569866 HE/PURP//CD/EPAY/ISDT/
2025-11-05
:61:251105C000000001641,50N100EREF//43237049426
NL13INGB0004515039
:86:/EREF/04-11-2025 21:41 7020356291480280/TRCD/100/ORDP//NAME/Hr EJ
 Seerden, Mw E Seerden-Wagenaar/REMI/9053514401 7020356291480280 
HH/PURP//CD/EPAY/ISDT/2025-11-05
:61:251105C000000000176,00N100EREF//43237070433
NL16INGB0006496986
:86:/EREF/04-11-2025 21:45 7020654497630550/TRCD/100/ORDP//NAME/Mw H 
Dombroek en/of Hr M Bosman/REMI/9053525173 7020654497630550 HH/PU
RP//CD/EPAY/ISDT/2025-11-05
:61:251105C000000001864,28N100EREF//43237073193
NL92INGB0008445318
:86:/EREF/04-11-2025 22:38 7020085085569479/TRCD/100/ORDP//NAME/Hr ML
 van Bohemen/REMI/9053613561 7020085085569479 EH/PURP//CD/EPAY/IS
DT/2025-11-05
:61:251105C000000000030,00N100EREF//43237071969
NL14INGB0753307588
:86:/EREF/04-11-2025 22:33 7020776009538660/TRCD/100/ORDP//NAME/Mw A 
S W M Jurriens/REMI/9053606060 7020776009538660 KV/PURP//CD/EPAY/
ISDT/2025-11-05
:61:251105C000000000476,10N100EREF//43237074062
NL14INGB0008244865
:86:/EREF/04-11-2025 22:19 7020195397479086/TRCD/100/ORDP//NAME/Mw LM
 Goossens/REMI/9053586904 7020195397479086 KV/PURP//CD/EPAY/ISDT/
2025-11-05
:61:251105C000000000359,05N100EREF//OO9T005176976205
NL87RABO0356525481
:86:/EREF/05-11-2025 08:40 7020315709685492/TRCD/100/ORDP//NAME/R.R. 
de Visser-Dunnink/REMI/9054190208 7020315709685492 AR xui-8671635
2/PURP//CD/EPAY/ISDT/2025-11-05
:61:251105C000000000970,90N100EREF//43237076289
NL06INGB0006479318
:86:/EREF/04-11-2025 20:48 7020094509479629/TRCD/100/ORDP//NAME/Hr M 
Riewald en/of Mw M Riewald-Soepboer/REMI/9053418982 7020094509479
629 SR/PURP//CD/EPAY/ISDT/2025-11-05
:61:251105C000000000434,10N100EREF//43237077779
NL16INGB0005550072
:86:/EREF/04-11-2025 22:18 7020544806598633/TRCD/100/ORDP//NAME/Hr H 
C de Haan/REMI/9053582828 7020544806598633 HH/PURP//CD/EPAY/ISDT/
2025-11-05
:61:251105C000000000512,52N100EREF//43237109872
NL31INGB0793404657
:86:/EREF/04-11-2025 18:20 7020795385419962/TRCD/100/ORDP//NAME/Mw J 
van de Wetering/REMI/9053095530 7020795385419962 EH/PURP//CD/EPAY
/ISDT/2025-11-05
:61:251105C000000000283,16N100EREF//43237130567
NL10INGB0754703878
:86:/EREF/04-11-2025 18:14 7020835982540751/TRCD/100/ORDP//NAME/Mw LJ
J Dekker-Nijhuis/REMI/9053080092 7020835982540751 EH/PURP//CD/EPA
Y/ISDT/2025-11-05
:61:251105C000000000186,20N100EREF//43237133037
NL80INGB0003912239
:86:/EREF/04-11-2025 15:56 7020436603480322/TRCD/100/ORDP//NAME/Mw J 
K Olree/REMI/9052739643 7020436603480322 LH/PURP//CD/EPAY/ISDT/20
25-11-05
:61:251105C000000000043,00N100EREF//43237135556
NL03INGB0009122816
:86:/EREF/04-11-2025 20:14 7020715097569926/TRCD/100/ORDP//NAME/Hr L 
Buit/REMI/9053351610 7020715097569926 HB/PURP//CD/EPAY/ISDT/2025-
11-05
:61:251105C000000000302,10N100EREF//43237137404
NL78INGB0111694310
:86:/EREF/04-11-2025 19:16 7020204791450757/TRCD/100/ORDP//NAME/Mw A 
van den Heuvel,Hr M Treu/REMI/9053224868 7020204791450757 HH/PURP
//CD/EPAY/ISDT/2025-11-05
:61:251105C000000000007,00N100EREF//43237139511
NL17ABNA0860127869
:86:/EREF/04-11-2025 18:52 7020116582659593/TRCD/100/ORDP//NAME/D FOU
RIE CJ/REMI/9053170464 7020116582659593 HB/PURP//CD/EPAY/ISDT/202
5-11-05
:61:251105C000000000611,70N100EREF//43237160068
NL43INGB0687651549
:86:/EREF/04-11-2025 18:20 7020565694419524/TRCD/100/ORDP//NAME/Hr JG
N Geurtsen, Mw H Geurtsen-den Braanker/REMI/9053097498 7020565694
419524 KV/PURP//CD/EPAY/ISDT/2025-11-05
:61:251105C000000000211,00N100EREF//43237139579
NL29INGB0009244956
:86:/EREF/04-11-2025 19:38 7020436885420643/TRCD/100/ORDP//NAME/Happi
ly Ever After/REMI/9053282090 7020436885420643 ZV/PURP//CD/EPAY/I
SDT/2025-11-05
:61:251105C000000000302,95N100EREF//43237160016
NL50INGB0391519638
:86:/EREF/04-11-2025 17:29 7020355106689818/TRCD/100/ORDP//NAME/Hr H 
Elmuthafar,Mw N Shareef/REMI/9052976761 7020355106689818 TH/PURP/
/CD/EPAY/ISDT/2025-11-05
:61:251105C000000000366,16N100EREF//43237165273
NL65INGB0000999502
:86:/EREF/04-11-2025 15:54 7020325103630127/TRCD/100/ORDP//NAME/Mw RM
 Thorn/REMI/9052732914 7020325103630127 VM/PURP//CD/EPAY/ISDT/202
5-11-05
:61:251105C000000000106,00N100EREF//43237167413
NL55INGB0718109333
:86:/EREF/04-11-2025 17:00 7020315388599401/TRCD/100/ORDP//NAME/Hr R 
Reemer,Mw MAJ van Harten/REMI/9052909155 7020315388599401 AR/PURP
//CD/EPAY/ISDT/2025-11-05
:61:251105C000000000545,12N100EREF//43237167072
NL89INGB0003688589
:86:/EREF/04-11-2025 19:48 7020765403449554/TRCD/100/ORDP//NAME/Hr M 
Freeke/REMI/9053298216 7020765403449554 EH/PURP//CD/EPAY/ISDT/202
5-11-05
:61:251105C000000000481,10N100EREF//43236918618
NL61ABNA0824240375
:86:/EREF/04-11-2025 20:56 7020056288568789/TRCD/100/ORDP//NAME/F M A
 SIMONS CJ/REMI/9053431333 7020056288568789 HH/PURP//CD/EPAY/ISDT
/2025-11-05
:61:251105C000000000250,00N100EREF//43237023508
NL72ASNB8844222604
:86:/EREF/2025-11-04T16:44 7020506000570937/TRCD/100/ORDP//NAME/K. Ha
gen e/o E.M. Schild/REMI/9052861286 7020506000570937 MD/PURP//CD/
EPAY/ISDT/2025-11-05
:61:251105C000000001506,59N541EREF//43236977223
BE39210096870619
:86:/EREF/202511010101362/TRCD/541/ORDP//NAME/WORLDLINE/REMI/R:2-8199
3293/980  AFG:MC VAN 01/11 TOT 01/11         BRT:0001514,65EUR C:
00008,06/PURP//CD/CCRD/ISDT/2025-11-05
:61:251105C000000000478,24N100EREF//43237024120
NL78ABNA0553806785
:86:/EREF/04-11-2025 19:08 7020436585628600/TRCD/100/ORDP//NAME/S STE
ENBERGEN CJ/REMI/9053205421 7020436585628600 EH/PURP//CD/EPAY/ISD
T/2025-11-05
:61:251105C000000441834,70N541EREF//43236907642
LU89751000135104200E
:86:/EREF/YYW1045980943803/TRCD/541/ORDP//NAME/PayPal Europe S.a.r.l.
 et Cie S.C.A/REMI/YYW1045980943803/PAYPAL/ISDT/2025-11-05
:61:251105C000000000349,90N100EREF//43236991039
NL02RBRB0918053684
:86:/EREF/2025-11-04T22:01 7020034491509356/TRCD/100/ORDP//NAME/J. va
n Slooten e/o T. van Slooten-Bouma/REMI/9053549264 70200344915093
56 PZ/PURP//CD/EPAY/ISDT/2025-11-05
:61:251105C000000000397,52N100EREF//43236861217
NL53RBRB0706360257
:86:/EREF/2025-11-05T00:25 7020706906508210/TRCD/100/ORDP//NAME/J. Ba
arssen e/o A. Ras/REMI/9053746364 7020706906508210 EP/PURP//CD/EP
AY/ISDT/2025-11-05
:61:251105C000000000299,88N100EREF//43237025762
NL25INGB0008864594
:86:/EREF/04-11-2025 17:24 7020434791688522/TRCD/100/ORDP//NAME/Hr AE
 Weijts/REMI/9052964986 7020434791688522 KM/PURP//CD/EPAY/ISDT/20
25-11-05
:61:251105C000000000284,65N100EREF//OO9T005177000463
NL35RABO0306779870
:86:/EREF/05-11-2025 08:50 7020075094476503/TRCD/100/ORDP//NAME/Moniq
ue's Pedicure - en Nagelsalon/REMI/9054212541 7020075094476503 EH
 xui-98016913/PURP//CD/EPAY/ISDT/2025-11-05
:61:251105C000000000571,00N100EREF//OO9T005177040304
NL65RABO0329665219
:86:/EREF/05-11-2025 09:05 7020556282565054/TRCD/100/ORDP//NAME/M.M. 
Schreuder-Terpstra/REMI/9054245153 7020556282565054 ZV xui-213144
89/PURP//CD/EPAY/ISDT/2025-11-05
:61:251105C000000000539,20N100EREF//43237178350
NL74ABNA0809674912
:86:/EREF/04-11-2025 17:44 7020075991628090/TRCD/100/ORDP//NAME/N WES
TSTRATE CJ/REMI/9053007550 7020075991628090 KV/PURP//CD/EPAY/ISDT
/2025-11-05
:61:251105C000000000577,08N100EREF//43237176772
NL68ABNA0487424239
:86:/EREF/04-11-2025 19:42 7020274206570151/TRCD/100/ORDP//NAME/UNIEK
GLAS VOF/REMI/9053290033 7020274206570151 EH/PURP//CD/EPAY/ISDT/2
025-11-05
:61:251105C000000000681,40N100EREF//43236935477
NL22REVO1131980008
:86:/EREF/04-11-2025 20:47 7020634791660088/TRCD/100/ORDP//NAME/Hulmo
 Manuel Christiaansen/REMI/9053523474 7020634791660088 ZV/PURP//C
D/EPAY/ISDT/2025-11-05
:61:251105C000000000337,40N100EREF//43236863229
NL49ABNA0847387313
:86:/EREF/04-11-2025 21:03 7020494209478333/TRCD/100/ORDP//NAME/RG KE
RKHOFF/REMI/9053449134 7020494209478333 KV/PURP//CD/EPAY/ISDT/202
5-11-05
:61:251105C000000005167,26N541NONREF//43236931258
PT50003600569910016373468
:86:/TRCD/541/ORDP//NAME/RENCAD - CONSTRUCAO CIVIL E MONTAGENS ELECTR
ICAS, LDA/REMI/INVOICENUMBER20257105950002/PURP//CD/OTHR/ISDT/202
5-11-05
:61:251105C000000000060,00N100EREF//43236968652
NL87ABNA0588249092
:86:/EREF/04-11-2025 19:06 7020276600540682/TRCD/100/ORDP//NAME/L HOE
KSTRA/REMI/9053201987 7020276600540682 EH/PURP//CD/EPAY/ISDT/2025
 11-05
:61:251105C000000000011,50N100EREF//43236968738
NL82ABNA0889768250
:86:/EREF/04-11-2025 16:13 7020174182508828/TRCD/100/ORDP//NAME/C MAS
T CJ/REMI/9052776169 7020174182508828 VM/PURP//CD/EPAY/ISDT/2025-
11-05
:61:251105C000000000028,45N100EREF//43237152932
NL15ABNA0457142472
:86:/EREF/04-11-2025 17:57 7020365682689431/TRCD/100/ORDP//NAME/AFMC 
BRUIN/REMI/9053039304 7020365682689431 HH/PURP//CD/EPAY/ISDT/2025
 11-05
:61:251105C000000001713,30N100EREF//43237153252
NL91ABNA0510145299
:86:/EREF/04-11-2025 15:55 7020656897598615/TRCD/100/ORDP//NAME/DFA C
AMIJN BAAN CJ/REMI/9052732225 7020656897598615 VN/PURP//CD/EPAY/I
SDT/2025-11-05
:61:251105C000000000550,80N100EREF//43236891639
NL38SNSB8847639522
:86:/EREF/2025-11-05T00:19 7020716906479761/TRCD/100/ORDP//NAME/L. So
eters e/o M.T.J. Soeters-Post/REMI/9053734376 7020716906479761 HH
/PURP//CD/EPAY/ISDT/2025-11-05
:61:251105C000000000336,16N100EREF//43236891839
NL80RBRB8841262249
:86:/EREF/2025-11-04T23:06 7020226588420754/TRCD/100/ORDP//NAME/J.W. 
Pluim e/o I.M. Pluim-van der Sligte/REMI/9053653988 7020226588420
754 LH/PURP//CD/EPAY/ISDT/2025-11-05
:61:251105C000000002070,49N541EREF//43236931842
BE39210096870619
:86:/EREF/202511010099284/TRCD/541/ORDP//NAME/WORLDLINE/REMI/R:9-8135
6438/172 MC 17539214 AFG:0000001 Center ParcsBRT:0002082,38EUR C:
00011,89                    01/11/PURP//CD/CCRD/ISDT/2025-11-05
:61:251105C000000001627,18N541EREF//43236931904
BE39210096870619
:86:/EREF/202511020090432/TRCD/541/ORDP//NAME/WORLDLINE/REMI/R:3-8135
6438/173 VI 17539214 AFG:0000001 Center ParcsBRT:0001641,42EUR C:
00014,24                    02/11/PURP//CD/CCRD/ISDT/2025-11-05
:61:251105C000000002162,40N100EREF//43236933556
NL70REVO7516866016
:86:/EREF/04-11-2025 19:16 7020645094509251/TRCD/100/ORDP//NAME/Annic
k van der Burg & Tim Beerendonk/REMI/9053354060 7020645094509251 
MD/PURP//CD/EPAY/ISDT/2025-11-05
:61:251105C000000000020,00N100EREF//43237151104
NL47ASNB0772959560
:86:/EREF/2025-11-04T14:18 7020585991689797/TRCD/100/ORDP//NAME/M.P.M
. Peeters e/o R.O. Osseyran/REMI/9052509608 7020585991689797 HE/P
URP//CD/EPAY/ISDT/2025-11-05
:61:251105C000000000426,20N100EREF//43237150516
NL07INGB0656617144
:86:/EREF/04-11-2025 19:41 7020985685628855/TRCD/100/ORDP//NAME/Hr S 
Spoor, LA Nanning/REMI/9053286233 7020985685628855 KV/PURP//CD/EP
AY/ISDT/2025-11-05
:61:251105C000000000250,00N100EREF//43236893542
NL29ABNA0113594410
:86:/EREF/04-11-2025 21:07 7020544182600886/TRCD/100/ORDP//NAME/R SPE
CKMANN/REMI/9053454987 7020544182600886 HH/PURP//CD/EPAY/ISDT/202
5-11-05
:61:251105C000000162781,52N541EREF//43236952200
BE39210096870619
:86:/EREF/202511020090482/TRCD/541/ORDP//NAME/WORLDLINE/REMI/R:3-8135
8999/366  AFG:VI VAN 02/11 TOT 02/11         BRT:0164380,45EUR C:
01598,93/PURP//CD/CCRD/ISDT/2025-11-05
:61:251105C000000232529,58N541EREF//43236952201
BE39210096870619
:86:/EREF/202511020090477/TRCD/541/ORDP//NAME/WORLDLINE/REMI/R:9-8135
8999/365  AFG:MC VAN 02/11 TOT 02/11         BRT:0234868,83EUR C:
02339,25/PURP//CD/CCRD/ISDT/2025-11-05
:61:251105C000000000954,79N100EREF//43236989383
NL28ABNA0473184389
:86:/EREF/04-11-2025 19:01 7020914503628087/TRCD/100/ORDP//NAME/E V H
ARDEMAN/REMI/9053190858 7020914503628087 EH/PURP//CD/EPAY/ISDT/20
25-11-05
:61:251105C000000000315,60N100EREF//43236988758
NL75SNSB0903705419
:86:/EREF/2025-11-04T14:28 7020654209420184/TRCD/100/ORDP//NAME/J.A.H
.P. van den Dungen e/o P.C.L. Wijgergangs/REMI/9052524878 7020654
209420184 HH/PURP//CD/EPAY/ISDT/2025-11-05
:61:251105C000000000039,00N100EREF//43236988916
NL79ABNA0881052078
:86:/EREF/04-11-2025 19:32 7020424800568576/TRCD/100/ORDP//NAME/T VAN
 KOETSVELD CJ/REMI/9053266352 7020424800568576 VN/PURP//CD/EPAY/I
SDT/2025-11-05
:61:251105C000000000929,56N100EREF//43237160795
NL43INGB0001817608
:86:/EREF/04-11-2025 15:38 7020555085448726/TRCD/100/ORDP//NAME/Mw D 
van Leeuwen/REMI/9052697540 7020555085448726 VM/PURP//CD/EPAY/ISD
T/2025-11-05
:61:251105C000000003435,90N100EREF//43237161557
NL88ABNA0412220652
:86:/EREF/04-11-2025 19:31 7020226585658528/TRCD/100/ORDP//NAME/HEER 
H BLOKHUIS EN OF ME/REMI/9053263305 7020226585658528 VN/PURP//CD/
EPAY/ISDT/2025-11-05
:61:251105C000000000318,40N100EREF//43237163374
NL37ABNA0839032919
:86:/EREF/04-11-2025 17:36 7020916900450874/TRCD/100/ORDP//NAME/STOLP
 G J/REMI/9052986996 7020916900450874 MD/PURP//CD/EPAY/ISDT/2025-
11-05
:61:251105C000000001915,40N541NONREF//PEIP-20251105113
NL56ABNA0610352458
:86:/TRCD/541/ORDP//NAME/ST AMERPOORT SHERPA/REMI/reserveringsnr. 171
9684/ISDT/2025-11-05
:61:251105C000000001877,71N541EREF//OO9T005177062383
NL36RABO0133932060
:86:/EREF/OO9B005177062383/PREF/OO9B005177062383/TRCD/541/ORDP//NAME/
A. Jongmans/REMI/Reserveringsnr 3093464/ISDT/2025-11-05
:61:251105C000000000804,21N100EREF//OO9T005177066444
NL18RABO0315633948
:86:/EREF/05-11-2025 09:14 7020915106655855/TRCD/100/ORDP//NAME/J.J.M
. Jonk eo A.M. Jonk-Sier/REMI/9054261903 7020915106655855 KV xui-
97075679/PURP//CD/EPAY/ISDT/2025-11-05
:61:251105C000000000334,50N541EREF//OO9T005177078425
NL44RABO0311704107
:86:/EREF/OO9B005177078425/PREF/OO9B005177078425/TRCD/541/ORDP//NAME/
Antum B.V./REMI/Factuur: 2025.2757343/001/ISDT/2025-11-05
:61:251105C000000000250,00N100EREF//OO9T005177088679
NL17RABO0300413114
:86:/EREF/05-11-2025 09:22 7020865709657124/TRCD/100/ORDP//NAME/A. Ou
ahim/REMI/9054285852 7020865709657124 NO xui-52087844/PURP//CD/EP
AY/ISDT/2025-11-05
:61:251105C000000000161,40N100EREF//OO9T005177093724
NL54RABO0384250130
:86:/EREF/05-11-2025 09:24 7020246594416365/TRCD/100/ORDP//NAME/W.W.J
.A. Jolie eo C.R.A.C.M. Bouman/REMI/9054292288 7020246594416365 H
H xui-44485487/PURP//CD/EPAY/ISDT/2025-11-05
:61:251105C000000000012,75N100EREF//OO9T005177103855
NL66RABO0385422547
:86:/EREF/05-11-2025 09:28 7020224494565381/TRCD/100/ORDP//NAME/C.M. 
de Zeeuw eo H.C. de Zeeuw-Molegraaf/REMI/9054298744 7020224494565
381 KM xui-73046439/PURP//CD/EPAY/ISDT/2025-11-05
:61:251105C000000000664,20N100EREF//OO9T005177103301
NL21RABO0323113370
:86:/EREF/05-11-2025 09:27 7020364482655495/TRCD/100/ORDP//NAME/J. Be
kker eo W.E. Blom/REMI/9054298707 7020364482655495 KV xui-1071754
5/PURP//CD/EPAY/ISDT/2025-11-05
:61:251105C000000002586,73N541EREF//43237541041
BE39210096870619
:86:/EREF/202510310189575/TRCD/541/ORDP//NAME/WORLDLINE/REMI/R:7-8135
6438/171          VAN 31/10 TOT 31/10        BRT:0002625,02EUR C:
00038,29/PURP//CD/CCRD/ISDT/2025-11-05
:61:251105C000000051513,41N541EREF//43237540788
SE7197810000000007308337
:86:/EREF/019a516f7684750583c312f3d8610828/TRCD/541/ORDP//NAME/Klarna
 Bank AB/REMI/137667275/ISDT/2025-11-05
:61:251105C000000100629,03N541EREF//43237540329
BE39210096870619
:86:/EREF/202510310189665/TRCD/541/ORDP//NAME/WORLDLINE/REMI/R:9-8135
8999/363  AFG:MC VAN 31/10 TOT 31/10         BRT:0101715,48EUR C:
01086,45/PURP//CD/CCRD/ISDT/2025-11-05
:61:251105C000000088183,35N541EREF//43237540189
BE39210096870619
:86:/EREF/202510310189672/TRCD/541/ORDP//NAME/WORLDLINE/REMI/R:3-8135
8999/364  AFG:VI VAN 31/10 TOT 31/10         BRT:0088917,89EUR C:
00734,54/PURP//CD/CCRD/ISDT/2025-11-05
:61:251105C000000001356,60N100EREF//OO9T005177120714
NL73RABO0332606406
:86:/EREF/05-11-2025 09:33 7020465697447751/TRCD/100/ORDP//NAME/T. Ma
aijen/REMI/9054298784 7020465697447751 HB xui-10452707/PURP//CD/E
PAY/ISDT/2025-11-05
:61:251105C000000000236,30N100EREF//OO9T005177121356
NL70RABO0303199261
:86:/EREF/05-11-2025 09:33 7020744491537154/TRCD/100/ORDP//NAME/H. Pa
ls/REMI/9054308277 7020744491537154 SR xui-83806040/PURP//CD/EPAY
/ISDT/2025-11-05
:61:251105C000000000059,00N100EREF//OO9T005177148187
NL72RABO0124911285
:86:/EREF/05-11-2025 09:43 7020326882506029/TRCD/100/ORDP//NAME/L.S. 
Visser/REMI/9054338930 7020326882506029 HB xui-97601445/PURP//CD/
EPAY/ISDT/2025-11-05
:61:251105C000000002121,98N541EREF//PEIP-20251105113
NL79INGB0002005334
:86:/EREF/aanbetaling centerpark kempervennen/TRCD/541/ORDP//NAME/Hr 
A Vlaanderen,Mw E van Steenbergen/REMI/ten name centerpark no 198
3031/ISDT/2025-11-05
:61:251105C000000001882,43N541EREF//OO9T005177174965
NL73RABO0149807384
:86:/EREF/OO9B005177174965/PREF/OO9B005177174965/TRCD/541/ORDP//NAME/
P.H. van Diepen eo L. v. Diepen-Woestenburg/REMI/9500692/ISDT/202
5-11-05
:61:251105C000000000018,32N100EREF//OO9T005177175301
NL61RABO0377066087
:86:/EREF/05-11-2025 09:52 7020205085565177/TRCD/100/ORDP//NAME/M. Ve
lthuizen-van Zellingen eo R. Velthuizen/REMI/9054358017 702020508
5565177 HE xui-28059342/PURP//CD/EPAY/ISDT/2025-11-05
:61:251105C000000000332,35N100EREF//43237689978
NL78KNAB0254939430
:86:/EREF/2025-11-04T06:28 7020305097568357/TRCD/100/ORDP//NAME/Joeri
 van Buren/REMI/9053252824 7020305097568357 HB/PURP//CD/EPAY/ISDT
/2025-11-05
:61:251105C000000000956,80N541EREF//43237684177
NL56BNGH0285015222
:86:/EREF/3236/PT936692/TRCD/541/ORDP//NAME/GEM ALMERE/REMI/Fact: 202
5.8170140/001/ISDT/2025-11-05
:61:251105C000000000569,20N100EREF//43237691953
NL91KNAB0504728164
:86:/EREF/2025-11-04T08:14 7020246285659296/TRCD/100/ORDP//NAME/Sierr
a Bouw/REMI/9053470669 7020246285659296 EH/PURP//CD/EPAY/ISDT/202
5-11-05
:61:251105C000000001258,20N100EREF//43237691983
NL03KNAB0723414696
:86:/EREF/2025-11-04T07:38 7020315391419317/TRCD/100/ORDP//NAME/R. Sm
akman en/of L. Agerbe/REMI/9053397768 7020315391419317 EP/PURP//C
D/EPAY/ISDT/2025-11-05
:61:251105C000000000349,50N100EREF//43237695047
NL74KNAB0411287303
:86:/EREF/2025-11-04T09:55 7020664800478972/TRCD/100/ORDP//NAME/S. Be
rnhardt en/of M. de J/REMI/9053640137 7020664800478972 LH/PURP//C
D/EPAY/ISDT/2025-11-05
:61:251105C000000000681,52N541NONREF//43237695111
NL56INGB0003992696
:86:/TRCD/541/ORDP//NAME/Mw BJ Voet/REMI/reservering nr 4263150/ISDT/
2025-11-05
:61:251105C000000000553,50N100EREF//43237690981
NL25KNAB0775979376
:86:/EREF/2025-11-04T06:36 7020076288478090/TRCD/100/ORDP//NAME/J. M.
 Pruijsers - Sommeije/REMI/9053276295 7020076288478090 HH/PURP//C
D/EPAY/ISDT/2025-11-05
:61:251105C000000001150,20N100EREF//43237690923
NL31KNAB0257187669
:86:/EREF/2025-11-04T06:54 7020684782539956/TRCD/100/ORDP//NAME/E. G.
 Sikkes en/of D. M. M/REMI/9053310222 7020684782539956 ZV/PURP//C
D/EPAY/ISDT/2025-11-05
:61:251105C000000000102,00N100EREF//43237693897
NL14KNAB0729800784
:86:/EREF/2025-11-04T05:11 7020836285420622/TRCD/100/ORDP//NAME/Anne 
Ruth Groen/REMI/9053068597 7020836285420622 HB/PURP//CD/EPAY/ISDT
/2025-11-05
:61:251105C000000000858,90N100EREF//43237687522
NL16TRIO0379614197
:86:/EREF/04-11-25 16:56 7020406600448141/TRCD/100/ORDP//NAME/J. van 
Hese en/of M. van/REMI/9052899867 7020406600448141 HH/PURP//CD/EP
AY/ISDT/2025-11-05
:61:251105C000000000203,10N100EREF//43237689643
NL95KNAB0255162030
:86:/EREF/2025-11-04T08:48 7020986585478090/TRCD/100/ORDP//NAME/Gerar
d de Vries/REMI/9053527908 7020986585478090 SR/PURP//CD/EPAY/ISDT
/2025-11-05
:61:251105C000000000025,50N100EREF//43237699510
NL36ABNA0408885467
:86:/EREF/05-11-2025 07:43 7020076009687637/TRCD/100/ORDP//NAME/WCM B
UIJK/REMI/9054088723 7020076009687637 SL/PURP//CD/EPAY/ISDT/2025-
11-05
:61:251105C000000000433,32N100EREF//43237698480
NL98ABNA0490704239
:86:/EREF/05-11-2025 07:32 7020025106506617/TRCD/100/ORDP//NAME/A SUI
LEN/REMI/9054067607 7020025106506617 PZ/PURP//CD/EPAY/ISDT/2025-1
1-05
:61:251105C000000000785,92N100EREF//OO9T005177178715
NL12RABO0136645097
:86:/EREF/05-11-2025 09:53 7020275109627136/TRCD/100/ORDP//NAME/M.H.A
.A. van Hout/REMI/9054361312 7020275109627136 KM xui-10942813/PUR
P//CD/EPAY/ISDT/2025-11-05
:61:251105C000000000228,12N100EREF//OO9T005177179826
NL23RABO0161476414
:86:/EREF/05-11-2025 09:53 7020706591596992/TRCD/100/ORDP//NAME/M.C. 
van Willick/REMI/9054365271 7020706591596992 EH xui-38028360/PURP
//CD/EPAY/ISDT/2025-11-05
:61:251105C000000000852,88N541EREF//OO9T005177203779
NL33RABO0331558556
:86:/EREF/OO9B005177203779/PREF/OO9B005177203779/TRCD/541/ORDP//NAME/
A.J. Boone eo C.D. Boone-v.d. Weijde/REMI/boekingsnummer 8178761/
ISDT/2025-11-05
:61:251105C000000001331,88N100EREF//OO9T005177200422
NL76RABO0373590792
:86:/EREF/05-11-2025 10:00 7020356294417913/TRCD/100/ORDP//NAME/P.A. 
Duin eo L. Duin-Winter/ID/09165703/REMI/9054374248 70203562944179
13 VN xui-51999230/PURP//CD/EPAY/ISDT/2025-11-05
:61:251105C000000000655,20N100EREF//OO9T005177215061
NL23RABO0359240984
:86:/EREF/05-11-2025 10:05 7020404800535852/TRCD/100/ORDP//NAME/S.I. 
Bruinenberg-Snippe/REMI/9054394234 7020404800535852 HH xui-976746
95/PURP//CD/EPAY/ISDT/2025-11-05
:61:251105C000000000290,00N100EREF//OO9T005177230092
NL76RABO0185253555
:86:/EREF/05-11-2025 10:09 7020735997445744/TRCD/100/ORDP//NAME/C.A.C
.M. Langendoen-van Opstal/REMI/9054404690 7020735997445744 EH xui
 87459538/PURP//CD/EPAY/ISDT/2025-11-05
:61:251105C000000000015,00N100EREF//OO9T005177234657
NL11RABO0353137960
:86:/EREF/05-11-2025 10:11 7020514194535435/TRCD/100/ORDP//NAME/R.C. 
van Nunen eo D. van Nunen-Maas/REMI/9054402789 7020514194535435 A
R xui-47848641/PURP//CD/EPAY/ISDT/2025-11-05
:61:251105C000000000137,80N100EREF//OO9T005177264525
NL73RABO0101235895
:86:/EREF/05-11-2025 10:20 7020535985597193/TRCD/100/ORDP//NAME/N.A. 
Timmer/REMI/9054432232 7020535985597193 ZV xui-99759976/PURP//CD/
EPAY/ISDT/2025-11-05
:61:251105C000000000900,98N541EREF//OO9T005177271426
NL68RABO0317607871
:86:/EREF/OO9B005177271426/PREF/OO9B005177271426/TRCD/541/ORDP//NAME/
H.W. Prummel eo C.A.M.C. Prummel-Conen/REMI/Reserveringsnummer 97
43625/ISDT/2025-11-05
:61:251105C000000000877,20N100EREF//OO9T005177286769
NL33RABO0165831340
:86:/EREF/05-11-2025 10:27 7020284491477055/TRCD/100/ORDP//NAME/R.K.G
. Birdja eo N.A.E.M. Balvers/REMI/9054445222 7020284491477055 KV 
xui-12669996/PURP//CD/EPAY/ISDT/2025-11-05
:61:251105C000000000772,58N100EREF//OO9T005177283926
NL74RABO0307180069
:86:/EREF/05-11-2025 10:26 7020896582566011/TRCD/100/ORDP//NAME/A.P. 
Olsthoorn/REMI/9054446582 7020896582566011 KV xui-27734839/PURP//
CD/EPAY/ISDT/2025-11-05
:61:251105C000000000342,40N541EREF//OO9T005141015720
NL42RABO0107145111
:86:/EREF/OO9B005141015720/PREF/OO9B005141015720/TRCD/541/ORDP//NAME/
M.D. Santing-Wolfs eo M. Santing/REMI/Boekingsnummer 94125 m.sant
ing krulzoom 36 9404 mb assen/ISDT/2025-11-05
:61:251105C000000000239,60N100EREF//43237814825
NL52INGB0004884101
:86:/EREF/05-11-2025 08:44 7020375385686110/TRCD/100/ORDP//NAME/Hr RJ
A Stuij, Mw E Stuij-Nagle/REMI/9054193581 7020375385686110 HB/PUR
P//CD/EPAY/ISDT/2025-11-05
:61:251105C000000001503,20N100EREF//43237814436
NL55INGB0002506092
:86:/EREF/05-11-2025 08:52 7020264509595681/TRCD/100/ORDP//NAME/Mw S 
L de Vreugd/REMI/9054211911 7020264509595681 MD/PURP//CD/EPAY/ISD
T/2025-11-05
:61:251105C000000000012,45N100EREF//43237817016
NL08INGB0702732672
:86:/EREF/05-11-2025 08:45 7020324191475726/TRCD/100/ORDP//NAME/Mw H 
Paksoy/REMI/9054196491 7020324191475726 VM/PURP//CD/EPAY/ISDT/202
5-11-05
:61:251105C000000000053,00N100EREF//43237806856
NL02INGB0006664466
:86:/EREF/05-11-2025 08:49 7020236297626059/TRCD/100/ORDP//NAME/Mw K 
Florie, Hr AH Florie/REMI/9054203806 7020236297626059 KV/PURP//CD
/EPAY/ISDT/2025-11-05
:61:251105C000000000437,74N100EREF//43237811299
NL10INGB0005590338
:86:/EREF/05-11-2025 08:39 7020624209537775/TRCD/100/ORDP//NAME/Mw P 
Timmer e/o Hr P B L Lambert/REMI/9054188331 7020624209537775 PZ/P
URP//CD/EPAY/ISDT/2025-11-05
:61:251105C000000000978,97N541EREF//43237825492
NL98DEUT0265294304
:86:/EREF/AMEXSCT95301676830533070335540T08/TRCD/541/ORDP//NAME/AMERI
CAN EXPRESS PAYMENTS EUROPE/REMI/AMEX/SE9530167683/DT282/GR1006.6
5/DI-27.68/CENTER PARCS EUROPE N V/VALKENSWAARD/ISDT/2025-11-05
:61:251105C000000006934,66N541EREF//43237825477
NL98DEUT0265294304
:86:/EREF/AMEXSCT95301676750533070335440T08/TRCD/541/ORDP//NAME/AMERI
CAN EXPRESS PAYMENTS EUROPE/REMI/AMEX/SE9530167675/DT282/GR7130.7
6/DI-196.10/CENTER PARCS EUROPE N V/VALKENSWAARD/ISDT/2025-11-05
:61:251105C000000001363,71N541EREF//43237825504
NL98DEUT0265294304
:86:/EREF/AMEXSCT95302044860533070344040T08/TRCD/541/ORDP//NAME/AMERI
CAN EXPRESS PAYMENTS EUROPE/REMI/AMEX/SE9530204486/DT282/GR1397.9
6/DI-34.25/CENTRE PARCS EUROPE N V/VALKENSWAARD/ISDT/2025-11-05
:61:251105C000000001314,78N541EREF//43237825505
NL98DEUT0265294304
:86:/EREF/AMEXSCT95302039750533070343940T08/TRCD/541/ORDP//NAME/AMERI
CAN EXPRESS PAYMENTS EUROPE/REMI/AMEX/SE9530203975/DT282/GR1347.8
0/DI-33.02/CENTRE PARCS EUROPE N V/VALKENSWAARD/ISDT/2025-11-05
:61:251105C000000000664,89N100EREF//OO9T005177300835
NL08RABO0354943669
:86:/EREF/05-11-2025 10:31 7020634782476410/TRCD/100/ORDP//NAME/R.M. 
Stolwijk eo N. Stolwijk-Okkerse/REMI/9054455630 7020634782476410 
HB xui-99982573/PURP//CD/EPAY/ISDT/2025-11-05
:61:251105C000000000018,60N100EREF//OO9T005177325565
NL36RABO0357717074
:86:/EREF/05-11-2025 10:39 7020405106535168/TRCD/100/ORDP//NAME/A.A. 
Weerd/REMI/9054479942 7020405106535168 HH xui-28236535/PURP//CD/E
PAY/ISDT/2025-11-05
:61:251105C000000000065,00N100EREF//OO9T005177343519
NL95RABO0301472890
:86:/EREF/05-11-2025 10:45 7020105394445858/TRCD/100/ORDP//NAME/T.J.C
. van Gestel eo I.L.H. Wissink/REMI/9054493683 7020105394445858 V
M xui-45078720/PURP//CD/EPAY/ISDT/2025-11-05
:61:251105C000000000455,74N100EREF//43237883094
NL37ABNA0101049935
:86:/EREF/05-11-2025 09:01 7020234500627802/TRCD/100/ORDP//NAME/K MAA
SSEN/REMI/9054236089 7020234500627802 HE/PURP//CD/EPAY/ISDT/2025-
11-05
:61:251105C000000000541,28N100EREF//43237882496
NL37ABNA0513636234
:86:/EREF/05-11-2025 08:39 7020575985567547/TRCD/100/ORDP//NAME/R SCH
UTTEN/REMI/9054184904 7020575985567547 AR/PURP//CD/EPAY/ISDT/2025
 11-05
:61:251105C000000000531,10N100EREF//43237884800
NL39ABNA0505282461
:86:/EREF/05-11-2025 08:26 7020806897655978/TRCD/100/ORDP//NAME/R GUP
TA CJ/REMI/9054163762 7020806897655978 SL/PURP//CD/EPAY/ISDT/2025
 11-05
:61:251105C000000001076,25N100EREF//43237889647
NL09ABNA0876183356
:86:/EREF/05-11-2025 08:36 7020286291505240/TRCD/100/ORDP//NAME/D SPR
EEUWENBERG CJ/REMI/9054171447 7020286291505240 KV/PURP//CD/EPAY/I
SDT/2025-11-05
:61:251105C000000000408,24N541EREF//OO9T005177408103
NL60RABO0364732555
:86:/EREF/OO9B005177408103/PREF/OO9B005177408103/TRCD/541/ORDP//NAME/
J.H.C.M. van den Heuvel eo I.T.J. van Gils/REMI/Reserveringsnr. 9
570095 aanbetaling/ISDT/2025-11-05
:61:251105C000000000250,00N541EREF//OO9T005177413561
NL78RABO0376915722
:86:/EREF/OO9B005177413561/PREF/OO9B005177413561/TRCD/541/ORDP//NAME/
H. van Delft/REMI/Reserveringsnummer 6097181/ISDT/2025-11-05
:61:251105C000000000250,00N541EREF//OO9T005177416500
NL78RABO0376915722
:86:/EREF/OO9B005177416500/PREF/OO9B005177416500/TRCD/541/ORDP//NAME/
H. van Delft/REMI/Reserveringsnummer 5929604/ISDT/2025-11-05
:61:251105C000000000495,84N100EREF//OO9T005177421519
NL41RABO0160765080
:86:/EREF/05-11-2025 11:21 7020615994687997/TRCD/100/ORDP//NAME/M.H.J
. Heethaar eo M. Horstman/REMI/9054593015 7020615994687997 HH xui
 46767579/PURP//CD/EPAY/ISDT/2025-11-05
:61:251105C000000000059,00N100EREF//43237958495
NL57INGB0002285478
:86:/EREF/05-11-2025 09:36 7020636282567124/TRCD/100/ORDP//NAME/Hr WM
F Raats, Mw AMC Karremans/REMI/9054324945 7020636282567124 HB/PUR
P//CD/EPAY/ISDT/2025-11-05
:61:251105C000000001397,00N100EREF//43237971294
NL74INGB0753738546
:86:/EREF/05-11-2025 09:42 7020914203505585/TRCD/100/ORDP//NAME/Mw IM
 Ippen/REMI/9054334493 7020914203505585 EP/PURP//CD/EPAY/ISDT/202
5-11-05
:61:251105C000000000344,00N100EREF//43237956324
NL64INGB0700836187
:86:/EREF/05-11-2025 09:34 7020634506656785/TRCD/100/ORDP//NAME/Hr MH
M van de Ven,Mw LJG Moolenschot/REMI/9054312987 7020634506656785 
EP/PURP//CD/EPAY/ISDT/2025-11-05
:61:251105C000000000190,22N100EREF//43237956555
NL59INGB0669928585
:86:/EREF/05-11-2025 09:07 7020254788625600/TRCD/100/ORDP//NAME/Hr C 
van der Poel,K van der Poel-Brandenburg/REMI/9054252563 702025478
8625600 AR/PURP//CD/EPAY/ISDT/2025-11-05
:61:251105C000000000020,00N100EREF//43237956006
NL89INGB0677548656
:86:/EREF/05-11-2025 09:07 7020914503596452/TRCD/100/ORDP//NAME/Mw Z 
Shamsi Shahzadeh Beigomi/REMI/9054244627 7020914503596452 HB/PURP
//CD/EPAY/ISDT/2025-11-05
:61:251105C000000000325,32N100EREF//43237974243
NL34INGB0004402141
:86:/EREF/05-11-2025 09:41 7020016606416191/TRCD/100/ORDP//NAME/Will 
Borst/REMI/9054331256 7020016606416191 HH/PURP//CD/EPAY/ISDT/2025
 11-05
:61:251105C000000000773,35N100EREF//43237974423
NL88INGB0005430921
:86:/EREF/05-11-2025 09:41 7020226300565246/TRCD/100/ORDP//NAME/Mw F 
C Sperna Weiland/REMI/9054331249 7020226300565246 AR/PURP//CD/EPA
Y/ISDT/2025-11-05
:61:251105C000000000294,40N100EREF//43237978370
NL23INGB0670325090
:86:/EREF/05-11-2025 09:24 7020735985625060/TRCD/100/ORDP//NAME/Hr JT
O Vaessen, Mw LM Vaessen/REMI/9054288487 7020735985625060 LH/PURP
//CD/EPAY/ISDT/2025-11-05
:61:251105C000000000933,06N100EREF//43237975104
NL46INGB0003568792
:86:/EREF/05-11-2025 09:00 7020026003595396/TRCD/100/ORDP//NAME/Hr F 
van Holten/REMI/9054225467 7020026003595396 AG/PURP//CD/EPAY/ISDT
/2025-11-05
:61:251105C000000000085,70N100EREF//43237975647
NL64INGB0002428524
:86:/EREF/05-11-2025 09:03 7020554482567289/TRCD/100/ORDP//NAME/Hr R 
Eissens, Mw M Eissens-Doeleman/REMI/9054240143 7020554482567289 K
V/PURP//CD/EPAY/ISDT/2025-11-05
:61:251105C000000000185,20N100EREF//43237926248
NL81INGB0003706678
:86:/EREF/05-11-2025 09:38 7020444788657319/TRCD/100/ORDP//NAME/Hr HW
 Sinneker,Mw B van 't Hul/REMI/9054326964 7020444788657319 ZV/PUR
P//CD/EPAY/ISDT/2025-11-05
:61:251105C000000000319,20N100EREF//43237952354
NL96INGB0005605474
:86:/EREF/05-11-2025 09:18 7020525394565123/TRCD/100/ORDP//NAME/Hr M 
Steenhuizen, Mw S Steenhuizen-Vermeulen/REMI/9054275407 702052539
4565123 MD/PURP//CD/EPAY/ISDT/2025-11-05
:61:251105C000000000059,00N100EREF//OO9T005177441730
NL72RABO0321242874
:86:/EREF/05-11-2025 11:26 7020286894655966/TRCD/100/ORDP//NAME/S. Bo
t eo A.A. Bot-van der Plaat/REMI/9054605311 7020286894655966 MD x
ui-24676016/PURP//CD/EPAY/ISDT/2025-11-05
:61:251105C000000000367,80N100EREF//OO9T005177448187
NL38RABO0301007055
:86:/EREF/05-11-2025 11:28 7020586297446308/TRCD/100/ORDP//NAME/T.J. 
Schotanus eo J.W.M. Schotanus-Klopper/REMI/9054606926 70205862974
46308 HA xui-71774159/PURP//CD/EPAY/ISDT/2025-11-05
:61:251105C000000000004,70N100EREF//OO9T005177461644
NL35RABO0307116751
:86:/EREF/05-11-2025 11:32 7020116306656236/TRCD/100/ORDP//NAME/J.A. 
van der Spank eo E.H.T. van Toorn/REMI/9054622638 702011630665623
6 KV xui-95207310/PURP//CD/EPAY/ISDT/2025-11-05
:61:251105C000000000472,48N100EREF//OO9T005177483076
NL97RABO0303005939
:86:/EREF/05-11-2025 11:38 7020626006685135/TRCD/100/ORDP//NAME/L.M. 
van 't Hof/REMI/9054631478 7020626006685135 VM xui-52528002/PURP/
/CD/EPAY/ISDT/2025-11-05
:61:251105C000000001145,40N100EREF//OO9T005177481827
NL76RABO0104495235
:86:/EREF/05-11-2025 11:37 7020364182507265/TRCD/100/ORDP//NAME/R.J. 
Peters eo A.H. Peters-Klaassen/REMI/9054631442 7020364182507265 H
H xui-66602196/PURP//CD/EPAY/ISDT/2025-11-05
:61:251105C000000000697,00N541EREF//PEIP-20251105113
BE16930007741674
:86:/EREF/c51f99d8c8ae43819b64ef59b29a1041/TRCD/541/ORDP//NAME/MEVR B
RIGITTE SMEERS/REMI/Nr 9228731/PURP//CD/OTHR/ISDT/2025-11-05
:61:251105C000000001103,85N100EREF//OO9T005177493006
NL11RABO0325557950
:86:/EREF/05-11-2025 11:41 7020796009657349/TRCD/100/ORDP//NAME/WenS 
Vlieland/REMI/9054640940 7020796009657349 HH xui-56986288/PURP//C
D/EPAY/ISDT/2025-11-05
:61:251105C000000000030,00N100EREF//OO9T005177506484
NL79RABO0336327218
:86:/EREF/05-11-2025 11:44 7020454191596353/TRCD/100/ORDP//NAME/S.A. 
Norbart/REMI/9054650625 7020454191596353 MD xui-91445984/PURP//CD
/EPAY/ISDT/2025-11-05
:61:251105C000000000412,00N100EREF//OO9T005177512404
NL87RABO0357297407
:86:/EREF/05-11-2025 11:46 7020345106415834/TRCD/100/ORDP//NAME/M.G. 
Verbeek/REMI/9054659906 7020345106415834 ZV xui-62403288/PURP//CD
/EPAY/ISDT/2025-11-05
:61:251105C000000000567,45N100EREF//OO9T005177511844
NL95RABO0304482315
:86:/EREF/05-11-2025 11:46 7020554188475597/TRCD/100/ORDP//NAME/M. Sw
aters eo M. Tentzerakis/REMI/9054652115 7020554188475597 SR xui-3
1367752/PURP//CD/EPAY/ISDT/2025-11-05
:61:251105C000000000430,08N541NONREF//PEIP-20251105113
NL33ABNA0553143921
:86:/TRCD/541/ORDP//NAME/CH R BIRSAK CJ/REMI/reserveringsnummer 56374
5/ISDT/2025-11-05
:61:251105C000000001696,40N100EREF//OO9T005177502453
NL54RABO0395187753
:86:/EREF/05-11-2025 11:43 7020554203627421/TRCD/100/ORDP//NAME/G. Kr
oesbergen/REMI/9054639976 7020554203627421 HB xui-15172615/PURP//
CD/EPAY/ISDT/2025-11-05
:61:251105C000000001865,60N541EREF//OO9T005177533962
NL55RABO0313113998
:86:/EREF/OO9B005177533962/PREF/OO9B005177533962/TRCD/541/ORDP//NAME/
J. Ververs-van den Ham eo J.W. Ververs/REMI/boekings nr584634  hu
isje 854  Fam Ververs/ISDT/2025-11-05
:61:251105C000000002515,48N541NONREF//PEIP-20251105113
NL42ABNA0818895144
:86:/TRCD/541/ORDP//NAME/R VAN DER BRUGGEN CJ/REMI/Reserveringsnummer
 : 863743/ISDT/2025-11-05
:61:251105C000000000364,40N100EREF//43238045811
NL55ABNA0576718890
:86:/EREF/05-11-2025 09:28 7020675982447205/TRCD/100/ORDP//NAME/R VIS
SER/REMI/9054298706 7020675982447205 HH/PURP//CD/EPAY/ISDT/2025-1
1-05
:61:251105C000000000481,39N100EREF//43238045064
NL20ABNA0608039462
:86:/EREF/05-11-2025 09:52 7020534185687142/TRCD/100/ORDP//NAME/JW PO
THOVEN CJ/REMI/9054357289 7020534185687142 EH/PURP//CD/EPAY/ISDT/
2025-11-05
:61:251105C000000000325,40N100EREF//43238051617
NL44ABNA0570662117
:86:/EREF/05-11-2025 09:39 7020806885477055/TRCD/100/ORDP//NAME/MA MO
L/REMI/9054327077 7020806885477055 HH/PURP//CD/EPAY/ISDT/2025-11-
05
:61:251105C000000000030,00N100EREF//OO9T005177611695
NL90RABO0179920243
:86:/EREF/05-11-2025 12:13 7020714488416992/TRCD/100/ORDP//NAME/N.G. 
Martens/REMI/9054721071 7020714488416992 MD xui-21403795/PURP//CD
/EPAY/ISDT/2025-11-05
:61:251105C000000001071,16N541NONREF//PEIP-20251105113
NL50ABNA0490636330
:86:/TRCD/541/ORDP//NAME/R A SNIP CJ/REMI/Boekingsnummer 5542894/ISDT
/2025-11-05
:61:251105C000000000338,80N100EREF//OO9T005177619993
NL51RABO0310624177
:86:/EREF/05-11-2025 12:16 7020105991417346/TRCD/100/ORDP//NAME/D. Le
eflang eo J.P.M. Leeflang-Loos/REMI/9054729941 7020105991417346 S
R xui-80429133/PURP//CD/EPAY/ISDT/2025-11-05
:61:251105C000000000050,19N100EREF//OO9T005177639116
NL36RABO0376255617
:86:/EREF/05-11-2025 12:21 7020265397477253/TRCD/100/ORDP//NAME/L. Ho
oijer eo W.B. Hooijer-van Duren/REMI/9054743933 7020265397477253 
HA xui-19236213/PURP//CD/EPAY/ISDT/2025-11-05
:61:251105C000000000642,00N100EREF//43238144888
NL26INGB0002472276
:86:/EREF/05-11-2025 10:12 7020686309416677/TRCD/100/ORDP//NAME/Mw NA
 Stehouwer/REMI/9054414261 7020686309416677 EP/PURP//CD/EPAY/ISDT
/2025-11-05
:61:251105C000000001062,70N100EREF//43238144958
NL85INGB0662797744
:86:/EREF/05-11-2025 10:07 7020135082627505/TRCD/100/ORDP//NAME/Hr T 
Groot Ulen,Mw LAM Pross/REMI/9054392234 7020135082627505 SL/PURP/
/CD/EPAY/ISDT/2025-11-05
:61:251105C000000000529,20N100EREF//43238185788
NL98INGB0008079908
:86:/EREF/05-11-2025 10:03 7020925997416944/TRCD/100/ORDP//NAME/Mw A 
L Dufrenne/REMI/9054377093 7020925997416944 HH/PURP//CD/EPAY/ISDT
/2025-11-05
:61:251105C000000000447,16N100EREF//43238147912
NL32INGB0388745665
:86:/EREF/05-11-2025 10:32 7020285397596533/TRCD/100/ORDP//NAME/Hr W 
van Heerden/REMI/9054453395 7020285397596533 EH/PURP//CD/EPAY/ISD
T/2025-11-05
:61:251105C000000001163,40N100EREF//43238144790
NL78INGB0007615444
:86:/EREF/05-11-2025 10:40 7020525403625639/TRCD/100/ORDP//NAME/Mw M 
van den Heuvel, Hr F Poldervaart/REMI/9054482989 7020525403625639
 ZV/PURP//CD/EPAY/ISDT/2025-11-05
:61:251105C000000000545,25N100EREF//43238144259
NL07INGB0005507748
:86:/EREF/05-11-2025 10:07 7020695691477331/TRCD/100/ORDP//NAME/Hr FP
J van Dijk,Mw EPM Bronswijk/REMI/9054396140 7020695691477331 HH/P
URP//CD/EPAY/ISDT/2025-11-05
:61:251105C000000000057,00N100EREF//43238181528
NL08INGB0000612237
:86:/EREF/05-11-2025 10:40 7020224809626596/TRCD/100/ORDP//NAME/Mw J 
vd Geest-Buitenwerf, Hr GW van der Geest/REMI/9054474421 70202248
09626596 HH/PURP//CD/EPAY/ISDT/2025-11-05
:61:251105C000000000010,00N100EREF//43238187287
NL24INGB0008029151
:86:/EREF/05-11-2025 10:55 7020296288505762/TRCD/100/ORDP//NAME/Hr E 
Bink, Mw Y de Klerk Wolters/REMI/9054511517 7020296288505762 MD/P
URP//CD/EPAY/ISDT/2025-11-05
:61:251105C000000000233,40N100EREF//43238186580
NL72INGB0006862638
:86:/EREF/05-11-2025 10:32 7020896006505876/TRCD/100/ORDP//NAME/Mw N 
Hennevelt/REMI/9054463864 7020896006505876 ZV/PURP//CD/EPAY/ISDT/
2025-11-05
:61:251105C000000000521,48N100EREF//43238188640
NL04INGB0662454464
:86:/EREF/05-11-2025 10:53 7020595682446818/TRCD/100/ORDP//NAME/Mw K 
de Jong/REMI/9054509953 7020595682446818 VM/PURP//CD/EPAY/ISDT/20
25-11-05
:61:251105C000000000507,00N100EREF//43238183911
NL62INGB0007909060
:86:/EREF/05-11-2025 10:14 7020185097415744/TRCD/100/ORDP//NAME/Hr J 
van de Weiden/REMI/9054418655 7020185097415744 HB/PURP//CD/EPAY/I
SDT/2025-11-05
:61:251105C000000000426,40N541EREF//43238182148
NL62INGB0006900454
:86:/EREF/15125308000162910/TRCD/541/ORDP//NAME/Mw MJ Boskamp, Hr JC 
van Eizenga/REMI//CDTRREFTP//CD/SCOR/ISSR/CUR/CDTRREF/2811045/ISD
T/2025-11-05
:61:251105C000000001132,15N100EREF//OO9T005177661987
NL66RABO0315324430
:86:/EREF/05-11-2025 12:28 7020225988627169/TRCD/100/ORDP//NAME/W.G.G
. Visser eo P.J. Visser- de Kreek/REMI/9054758922 702022598862716
9 MD xui-50649436/PURP//CD/EPAY/ISDT/2025-11-05
:61:251105C000000000004,95N100EREF//OO9T005177676168
NL95RABO0304482315
:86:/EREF/05-11-2025 12:32 7020646285417901/TRCD/100/ORDP//NAME/M. Sw
aters eo M. Tentzerakis/REMI/9054771519 7020646285417901 SR xui-3
1367752/PURP//CD/EPAY/ISDT/2025-11-05
:61:251105C000000000681,12N100EREF//OO9T005177678699
NL14RABO0167710184
:86:/EREF/05-11-2025 12:33 7020364803566104/TRCD/100/ORDP//NAME/L.A.J
. Gijsbers/REMI/9054776354 7020364803566104 ZV xui-96021797/PURP/
/CD/EPAY/ISDT/2025-11-05
:61:251105C000000000317,12N100EREF//OO9T005177681867
NL43RABO0157695867
:86:/EREF/05-11-2025 12:34 7020664191535087/TRCD/100/ORDP//NAME/Z.B. 
Klijenburg/REMI/9054773642 7020664191535087 EH xui-94855974/PURP/
/CD/EPAY/ISDT/2025-11-05
:61:251105C000000000618,80N100EREF//OO9T005177692475
NL44RABO0310585503
:86:/EREF/05-11-2025 12:37 7020675082657010/TRCD/100/ORDP//NAME/B.G.H
. van Eeden eo A.N.J. Driessen/REMI/9054785498 7020675082657010 M
D xui-10069724/PURP//CD/EPAY/ISDT/2025-11-05
:61:251105C000000000165,00N100EREF//OO9T005177705158
NL67RABO0170579751
:86:/EREF/05-11-2025 12:40 7020705406567628/TRCD/100/ORDP//NAME/I. Wa
ltman/REMI/9054788340 7020705406567628 HB xui-17524389/PURP//CD/E
PAY/ISDT/2025-11-05
:61:251105C000000000160,20N100EREF//OO9T005177721638
NL47RABO0321714938
:86:/EREF/05-11-2025 12:45 7020186303567202/TRCD/100/ORDP//NAME/W.C. 
Vink eo H.J. Vink-Harmsen/REMI/9054801458 7020186303567202 VM xui
 68445918/PURP//CD/EPAY/ISDT/2025-11-05
:61:251105C000000000491,16N100EREF//OO9T005177720565
NL12RABO0317891731
:86:/EREF/05-11-2025 12:45 7020525685565885/TRCD/100/ORDP//NAME/K. Du
its/REMI/9054799826 7020525685565885 EH xui-51151241/PURP//CD/EPA
Y/ISDT/2025-11-05
:61:251105C000000002105,21N100EREF//OO9T005177736137
NL26RABO0376218258
:86:/EREF/05-11-2025 12:49 7020705697506413/TRCD/100/ORDP//NAME/J.W. 
Bosscha eo R. Bosscha-Kloeze/REMI/9054810934 7020705697506413 SL 
xui-15325730/PURP//CD/EPAY/ISDT/2025-11-05
:61:251105C000000000236,45N100EREF//OO9T005177755200
NL29RABO0120388464
:86:/EREF/05-11-2025 12:54 7020494488626863/TRCD/100/ORDP//NAME/E.G.H
.P. van Wegberg eo A.M.H. Niessen/REMI/9054823393 702049448862686
3 KV xui-23509769/PURP//CD/EPAY/ISDT/2025-11-05
:61:251105C000000001145,50N100EREF//43238299075
NL86ABNA0426488903
:86:/EREF/05-11-2025 10:35 7020386600567718/TRCD/100/ORDP//NAME/MWM W
ILLEMS CJ/REMI/9054465227 7020386600567718 HB/PURP//CD/EPAY/ISDT/
2025-11-05
:61:251105C000000000200,45N100EREF//43238300954
NL52ABNA0846754916
:86:/EREF/05-11-2025 10:53 7020795085687985/TRCD/100/ORDP//NAME/TONG 
S H/REMI/9054507741 7020795085687985 LH/PURP//CD/EPAY/ISDT/2025-1
1-05
:61:251105C000000000250,24N100EREF//43238302433
NL95ABNA0412068915
:86:/EREF/05-11-2025 10:25 7020294488655702/TRCD/100/ORDP//NAME/CC DA
NE/REMI/9054441243 7020294488655702 VM/PURP//CD/EPAY/ISDT/2025-11
 05
:61:251105C000000000029,50N100EREF//43238309222
NL98SNSB0935548068
:86:/EREF/2025-11-05T07:14 7020564503447133/TRCD/100/ORDP//NAME/S. va
n Hees-Zuidema e/o K. van Hees/REMI/9054052271 7020564503447133 K
V/PURP//CD/EPAY/ISDT/2025-11-05
:61:251105C000000000200,00N100EREF//43238303324
NL17ABNA0567437450
:86:/EREF/05-11-2025 10:56 7020084491686707/TRCD/100/ORDP//NAME/MW BE
RKELAAR CJ/REMI/9054522542 7020084491686707 HB/PURP//CD/EPAY/ISDT
/2025-11-05
:61:251105C000000000805,24N100EREF//43238297507
NL47BUNQ2065483075
:86:/EREF/05-11-2025 11:19 7020536309655183/TRCD/100/ORDP//NAME/Stich
ting Uitvoering Maatwerk/REMI/9054559722 7020536309655183 EH/ULTD
//ID/NL72BUNQ2208686926/PURP//CD/EPAY/ISDT/2025-11-05
:61:251105C000000000270,16N100EREF//43238306897
NL11KNAB0618091661
:86:/EREF/2025-11-05T09:36 7020915097626272/TRCD/100/ORDP//NAME/F. J.
 M. Somers en/of D. M/REMI/9054474934 7020915097626272 EH/PURP//C
D/EPAY/ISDT/2025-11-05
:61:251105C000000000564,60N100EREF//OO9T005177786401
NL61RABO0189497866
:86:/EREF/05-11-2025 13:03 7020344806417043/TRCD/100/ORDP//NAME/R.M.M
. Kubben eo V. Kubben-Van Gestel/REMI/9054845281 7020344806417043
 HH xui-56651065/PURP//CD/EPAY/ISDT/2025-11-05
:61:251105C000000000075,00N100EREF//OO9T005177787048
NL37RABO0157637387
:86:/EREF/05-11-2025 13:03 7020416594537415/TRCD/100/ORDP//NAME/R.H. 
van Berkel eo M. van Berkel-van Schie/REMI/9054848475 70204165945
37415 HB xui-14883099/PURP//CD/EPAY/ISDT/2025-11-05
:61:251105C000000000635,10N100EREF//OO9T005177803591
NL74RABO0372436625
:86:/EREF/05-11-2025 13:08 7020644509626413/TRCD/100/ORDP//NAME/H.J. 
Ipenburg/REMI/9054854536 7020644509626413 HE xui-40686174/PURP//C
D/EPAY/ISDT/2025-11-05
:61:251105C000000000250,00N100EREF//OO9T005177825602
NL17RABO0341504254
:86:/EREF/05-11-2025 13:14 7020164503447646/TRCD/100/ORDP//NAME/A.W. 
van Andel/REMI/9054873626 7020164503447646 LH xui-12236613/PURP//
CD/EPAY/ISDT/2025-11-05
:61:251105C000000000544,00N100EREF//OO9T005177821143
NL89RABO0340132736
:86:/EREF/05-11-2025 13:13 7020766606505666/TRCD/100/ORDP//NAME/C. Di
ngemanse/REMI/9054868319 7020766606505666 MD xui-71162387/PURP//C
D/EPAY/ISDT/2025-11-05
:61:251105C000000001501,40N100EREF//OO9T005177827637
NL90RABO0132950030
:86:/EREF/05-11-2025 13:15 7020285706627760/TRCD/100/ORDP//NAME/E. Kr
ijt eo L. van den Berg/REMI/9054870486 7020285706627760 VN xui-38
348831/PURP//CD/EPAY/ISDT/2025-11-05
:61:251105C000000000376,10N100EREF//OO9T005177837291
NL43RABO0101803885
:86:/EREF/05-11-2025 13:17 7020716891685225/TRCD/100/ORDP//NAME/R.P.M
. Kleintjens/REMI/9054876011 7020716891685225 LH xui-48259590/PUR
P//CD/EPAY/ISDT/2025-11-05
:61:251105C000000000150,00N541NONREF//PEIP-20251105113
NL19SNSB0900117427
:86:/TRCD/541/ORDP//NAME/M. ten Brinke e/o M. Onstwedder/REMI/6184145
/ISDT/2025-11-05
:61:251105C000000000624,29N100EREF//OO9T005177852181
NL04RABO0149324790
:86:/EREF/05-11-2025 13:22 7020885985566572/TRCD/100/ORDP//NAME/M. Wo
elders/REMI/9054891651 7020885985566572 EH xui-11687608/PURP//CD/
EPAY/ISDT/2025-11-05
:61:251105C000000000711,32N100EREF//43238348031
NL75INGB0006564309
:86:/EREF/05-11-2025 11:30 7020144197476557/TRCD/100/ORDP//NAME/Hr M 
J Slaats/REMI/9054611538 7020144197476557 EH/PURP//CD/EPAY/ISDT/2
025-11-05
:61:251105C000000000065,70N100EREF//43238346708
NL69INGB0002447252
:86:/EREF/05-11-2025 11:32 7020046282417511/TRCD/100/ORDP//NAME/Mw AJ
M Wijnen/REMI/9054614299 7020046282417511 HB/PURP//CD/EPAY/ISDT/2
025-11-05
:61:251105C000000000937,00N100EREF//43238346268
NL62INGB0655919791
:86:/EREF/05-11-2025 11:30 7020456309506944/TRCD/100/ORDP//NAME/DF Ov
erklift Vaupel Kleyn,Mw KL Outshoorn/REMI/9054596042 702045630950
6944 TH/PURP//CD/EPAY/ISDT/2025-11-05
:61:251105C000000000641,68N100EREF//43238424554
NL14INGB0751336548
:86:/EREF/05-11-2025 11:57 7020376300447415/TRCD/100/ORDP//NAME/Mw H 
Huiszoon/REMI/9054681679 7020376300447415 AR/PURP//CD/EPAY/ISDT/2
025-11-05
:61:251105C000000000009,00N100EREF//43238424963
NL60INGB0797440208
:86:/EREF/05-11-2025 11:40 7020294785475882/TRCD/100/ORDP//NAME/Mw N 
Bouyaziden/REMI/9054645011 7020294785475882 EH/PURP//CD/EPAY/ISDT
/2025-11-05
:61:251105C000000000200,12N100EREF//43238431873
NL47INGB0008028737
:86:/EREF/05-11-2025 11:35 7020945697446482/TRCD/100/ORDP//NAME/Mw G 
Nicolaas-Alagahgi/REMI/9054628949 7020945697446482 EH/PURP//CD/EP
AY/ISDT/2025-11-05
:61:251105C000000000548,80N100EREF//43238436667
NL29INGB0008903710
:86:/EREF/05-11-2025 11:44 7020225391507637/TRCD/100/ORDP//NAME/HR R 
H A Spermon/REMI/9054640126 7020225391507637 EP/PURP//CD/EPAY/ISD
T/2025-11-05
:61:251105C000000000288,32N100EREF//43238436608
NL85INGB0004263677
:86:/EREF/05-11-2025 11:53 7020866006655861/TRCD/100/ORDP//NAME/Mw R 
Beekhuis/REMI/9054674112 7020866006655861 ZV/PURP//CD/EPAY/ISDT/2
025-11-05
:61:251105C000000000515,38N100EREF//43238436770
NL07INGB0001864428
:86:/EREF/05-11-2025 11:52 7020085106476959/TRCD/100/ORDP//NAME/Mw G 
C Minderhoud-Alewijnse en/of Hr J Minderhoud/REMI/9054673908 7020
085106476959 PZ/PURP//CD/EPAY/ISDT/2025-11-05
:61:251105C000000000312,64N100EREF//43238438001
NL77INGB0002952187
:86:/EREF/05-11-2025 11:42 7020295703625402/TRCD/100/ORDP//NAME/Hr P 
H Mansveld/REMI/9054641083 7020295703625402 MD/PURP//CD/EPAY/ISDT
/2025-11-05
:61:251105C000000000457,80N100EREF//43238442000
NL63INGB0000931153
:86:/EREF/05-11-2025 11:57 7020475082596890/TRCD/100/ORDP//NAME/Hr D 
Zapalowski/REMI/9054679802 7020475082596890 EP/PURP//CD/EPAY/ISDT
/2025-11-05
:61:251105C000000000347,65N100EREF//43238442496
NL14INGB0001167745
:86:/EREF/05-11-2025 11:52 7020374209567337/TRCD/100/ORDP//NAME/Hr A 
Bergsma, Mw SH Bergsma-Kuperus/REMI/9054670385 7020374209567337 H
H/PURP//CD/EPAY/ISDT/2025-11-05
:61:251105C000000002074,00N100EREF//OO9T005177860935
NL49RABO0144213729
:86:/EREF/05-11-2025 13:24 7020656582447562/TRCD/100/ORDP//NAME/T.C.M
. Alofs eo M.G.J.G. Alofs-Niessen/REMI/9054896239 702065658244756
2 TH xui-19600972/PURP//CD/EPAY/ISDT/2025-11-05
:61:251105C000000000021,00N100EREF//OO9T005177863498
NL77RABO0140774769
:86:/EREF/05-11-2025 13:25 7020565097627589/TRCD/100/ORDP//NAME/B Gri
mminck/REMI/9054898539 7020565097627589 KV xui-54251756/PURP//CD/
EPAY/ISDT/2025-11-05
:61:251105C000000000139,00N100EREF//OO9T005177868102
NL18RABO0314764925
:86:/EREF/05-11-2025 13:26 7020895403536932/TRCD/100/ORDP//NAME/J. Kr
oneman eo E. Kroneman-Wajer/REMI/9054896605 7020895403536932 HB x
ui-87102480/PURP//CD/EPAY/ISDT/2025-11-05
:61:251105C000000001741,00N100EREF//OO9T005177883749
NL27RABO0374887594
:86:/EREF/05-11-2025 13:31 7020864188566665/TRCD/100/ORDP//NAME/Pluim
veebedrijf van Hees-de Kort/REMI/9054903413 7020864188566665 EP x
ui-24499146/PURP//CD/EPAY/ISDT/2025-11-05
:61:251105C000000000203,22N541NONREF//PEIP-20251105113
NL93ABNA0454337574
:86:/TRCD/541/ORDP//NAME/LC OONINCX DE VETH CJ/REMI/701987/ISDT/2025-
11-05
:61:251105C000000000816,65N100EREF//OO9T005177904353
NL94RABO0102479445
:86:/EREF/05-11-2025 13:37 7020205691655450/TRCD/100/ORDP//NAME/J.J.E
. van der Lugt/REMI/9054925212 7020205691655450 HH xui-54574962/P
URP//CD/EPAY/ISDT/2025-11-05
:61:251105C000000000065,00N100EREF//OO9T005177925145
NL20RABO0185264166
:86:/EREF/05-11-2025 13:43 7020195409507778/TRCD/100/ORDP//NAME/K. Jo
nker eo R. Broersen/REMI/9054932348 7020195409507778 ZV xui-85503
167/PURP//CD/EPAY/ISDT/2025-11-05
:61:251105C000000000038,25N100EREF//OO9T005177936480
NL82RABO0139928936
:86:/EREF/05-11-2025 13:46 7020695109656956/TRCD/100/ORDP//NAME/J.P.A
. Vereggen-van Bavel/REMI/9054949150 7020695109656956 MD xui-1336
1249/PURP//CD/EPAY/ISDT/2025-11-05
:61:251105C000000000287,12N100EREF//OO9T005177948654
NL60RABO0381207617
:86:/EREF/05-11-2025 13:50 7020926303596413/TRCD/100/ORDP//NAME/W. Bo
s/REMI/9054946626 7020926303596413 ZV xui-30315368/PURP//CD/EPAY/
ISDT/2025-11-05
:61:251105C000000000879,20N100EREF//43238531792
NL72ABNA0574932135
:86:/EREF/05-11-2025 11:57 7020195097537058/TRCD/100/ORDP//NAME/IP MA
RCELLIS CJ/REMI/9054676623 7020195097537058 HH/PURP//CD/EPAY/ISDT
/2025-11-05
:61:251105C000000000354,16N100EREF//43238530275
NL33ABNA0508404126
:86:/EREF/05-11-2025 11:43 7020215109627871/TRCD/100/ORDP//NAME/P VAN
 VLIET/REMI/9054650386 7020215109627871 MD/PURP//CD/EPAY/ISDT/202
5-11-05
:61:251105C000000001400,32N100EREF//43238517170
NL53ASNB0706961137
:86:/EREF/2025-11-05T09:22 7020234182567007/TRCD/100/ORDP//NAME/G. To
ren e/o K.A. Sneller/REMI/9054278816 7020234182567007 EP/PURP//CD
/EPAY/ISDT/2025-11-05
:61:251105C000000000948,60N100EREF//43238537145
NL63ABNA0574728015
:86:/EREF/05-11-2025 11:23 7020236282507829/TRCD/100/ORDP//NAME/JA NI
ELAND KAPPER/REMI/9054582917 7020236282507829 VN/PURP//CD/EPAY/IS
DT/2025-11-05
:61:251105C000000000728,20N100EREF//43238537352
NL50ABNA0484261878
:86:/EREF/05-11-2025 11:26 7020084494477736/TRCD/100/ORDP//NAME/ND VA
N BURGEL/REMI/9054600450 7020084494477736 HB/PURP//CD/EPAY/ISDT/2
025-11-05
:61:251105C000000000310,60N100EREF//43238535582
NL39ABNA0812286103
:86:/EREF/05-11-2025 11:48 7020144488476893/TRCD/100/ORDP//NAME/HEIJB
OER E S/REMI/9054660325 7020144488476893 ZV/PURP//CD/EPAY/ISDT/20
25-11-05
:61:251105C000000003102,70N100EREF//43238533686
NL17ABNA0466856113
:86:/EREF/05-11-2025 11:26 7020185700446338/TRCD/100/ORDP//NAME/CM HI
LHORST CJ/REMI/9054596092 7020185700446338 HE/PURP//CD/EPAY/ISDT/
2025-11-05
:61:251105C000000000059,00N100EREF//43238533765
NL56ABNA0406338760
:86:/EREF/05-11-2025 11:08 7020606300446875/TRCD/100/ORDP//NAME/RICHA
RD A DIJKHUIZEN/REMI/9054547415 7020606300446875 VM/PURP//CD/EPAY
/ISDT/2025-11-05
:61:251105C000000000264,12N100EREF//43238536383
NL70ABNA0488588979
:86:/EREF/05-11-2025 11:07 7020735409595924/TRCD/100/ORDP//NAME/KJC H
ERMANS/REMI/9054549902 7020735409595924 EH/PURP//CD/EPAY/ISDT/202
5-11-05
:61:251105C000000000100,00N100EREF//43238515931
NL07SNSB0966000625
:86:/EREF/2025-11-05T08:52 7020856594506302/TRCD/100/ORDP//NAME/J.P. 
Verkade e/o M.A. van Egmond/REMI/9054211922 7020856594506302 ZV/P
URP//CD/EPAY/ISDT/2025-11-05
:61:251105C000000000310,60N100EREF//43238516718
NL70SNSB0901801496
:86:/EREF/2025-11-05T08:56 7020445700505627/TRCD/100/ORDP//NAME/F.K. 
Beukema e/o M.A.C. Beukema-Juk/REMI/9054217474 7020445700505627 Z
V/PURP//CD/EPAY/ISDT/2025-11-05
:61:251105C000000000043,20N100EREF//43238516155
NL79SNSB0939594668
:86:/EREF/2025-11-05T08:34 7020324191685018/TRCD/100/ORDP//NAME/K. Dr
iessen e/o C. Petter/REMI/9054173726 7020324191685018 HH/PURP//CD
/EPAY/ISDT/2025-11-05
:61:251105C000000000320,60N100EREF//43238515690
NL33SNSB0820477168
:86:/EREF/2025-11-05T09:12 7020366894595357/TRCD/100/ORDP//NAME/M. de
 Jong/REMI/9054265907 7020366894595357 ZV/PURP//CD/EPAY/ISDT/2025
 11-05
:61:251105C000000000422,80N100EREF//OO9T005177953800
NL93RABO0126188300
:86:/EREF/05-11-2025 13:51 7020304185445552/TRCD/100/ORDP//NAME/J. de
 Jong/REMI/9054959771 7020304185445552 HH xui-94899873/PURP//CD/E
PAY/ISDT/2025-11-05
:61:251105C000000003399,46N100EREF//OO9T005177958509
NL39RABO0331268418
:86:/EREF/05-11-2025 13:53 7020256597505081/TRCD/100/ORDP//NAME/A.J. 
van Dijk eo G. van Dijk-van Rennes/REMI/9054958245 70202565975050
81 SL xui-49342187/PURP//CD/EPAY/ISDT/2025-11-05
:61:251105C000000000051,00N100EREF//OO9T005177981143
NL07RABO0146524055
:86:/EREF/05-11-2025 13:59 7020285082476257/TRCD/100/ORDP//NAME/R.F.J
.R. Poels/REMI/9054972231 7020285082476257 MD xui-46478789/PURP//
CD/EPAY/ISDT/2025-11-05
:61:251105C000000000923,61N541NONREF//PEIP-20251105114
NL64ABNA0589223968
:86:/TRCD/541/ORDP//NAME/J M DE RAAF/REMI/Boekingsnummer: 510116/ISDT
/2025-11-05
:61:251105C000000000528,73N100EREF//OO9T005177992821
NL62RABO0144100878
:86:/EREF/05-11-2025 14:03 7020154182536947/TRCD/100/ORDP//NAME/L.H.G
. Schmits/REMI/9054990824 7020154182536947 SL xui-21304979/PURP//
CD/EPAY/ISDT/2025-11-05
:61:251105C000000000552,02N100EREF//OO9T005177991941
NL60RABO0381207617
:86:/EREF/05-11-2025 14:03 7020584500476620/TRCD/100/ORDP//NAME/W. Bo
s/REMI/9054984481 7020584500476620 PZ xui-30315368/PURP//CD/EPAY/
ISDT/2025-11-05
:61:251105C000000000946,36N100EREF//OO9T005178042084
NL82RABO0130751863
:86:/EREF/05-11-2025 14:18 7020175697447433/TRCD/100/ORDP//NAME/A. La
mriti/REMI/9055025855 7020175697447433 KM xui-68243030/PURP//CD/E
PAY/ISDT/2025-11-05
:61:251105C000000001037,73N541NONREF//PEIP-20251105114
NL51INGB0001814748
:86:/TRCD/541/ORDP//NAME/Mw M van Helden/REMI/4455082/ISDT/2025-11-05
:61:251105C000000000598,99N541EREF//OO9T005178064593
NL55RABO0317124463
:86:/EREF/OO9B005178064593/PREF/OO9B005178064593/TRCD/541/ORDP//NAME/
D. Dijkstra eo E.J. Dijkstra-Santing/REMI/reserverings nr: 955856
6  Center Parcs De Eemhof   Zeewolde/ISDT/2025-11-05
:61:251105C000000000006,00N100EREF//43238606801
NL13INGB0656163852
:86:/EREF/05-11-2025 12:36 7020605085566131/TRCD/100/ORDP//NAME/Hr RM
H Groenen,Mw MJA Schepers/REMI/9054781014 7020605085566131 HH/PUR
P//CD/EPAY/ISDT/2025-11-05
:61:251105C000000000058,80N100EREF//43238606585
NL36INGB0005404309
:86:/EREF/05-11-2025 12:55 7020776291535429/TRCD/100/ORDP//NAME/Hr J 
P H Rother e/o Mw A C M Rother-de Klerk/REMI/9054823583 702077629
1535429 KV/PURP//CD/EPAY/ISDT/2025-11-05
:61:251105C000000000414,80N100EREF//43238609309
NL25INGB0003110263
:86:/EREF/05-11-2025 12:57 7020404797626182/TRCD/100/ORDP//NAME/Hr RA
 Nieboer,Mw H Nieboer-Hofstra/REMI/9054830953 7020404797626182 HH
/PURP//CD/EPAY/ISDT/2025-11-05
:61:251105C000000002264,16N100EREF//43238618522
NL95INGB0700923802
:86:/EREF/05-11-2025 12:26 7020404197626128/TRCD/100/ORDP//NAME/Mw AS
 van Daal/REMI/9054751815 7020404197626128 PZ/PURP//CD/EPAY/ISDT/
2025-11-05
:61:251105C000000000250,00N100EREF//43238618317
NL41INGB0666098573
:86:/EREF/05-11-2025 12:24 7020534791505114/TRCD/100/ORDP//NAME/Mw D 
Jongsma-Rikkers en/of Hr M L Jongsma/REMI/9054750580 702053479150
5114 EH/PURP//CD/EPAY/ISDT/2025-11-05
:61:251105C000000000085,90N100EREF//43238621644
NL92INGB0005932921
:86:/EREF/05-11-2025 12:08 7020496885655720/TRCD/100/ORDP//NAME/Hr R 
J P Platenburg/REMI/9054709269 7020496885655720 HB/PURP//CD/EPAY/
ISDT/2025-11-05
:61:251105C000000000315,80N100EREF//43238621203
NL51INGB0001501244
:86:/EREF/05-11-2025 12:06 7020984503415354/TRCD/100/ORDP//NAME/W van
 Deventer en/of G H van Deventer-Burghart/REMI/9054699534 7020984
503415354 HH/PURP//CD/EPAY/ISDT/2025-11-05
:61:251105C000000000387,04N541NONREF//43238623237
DE05370502991154030857
:86:/TRCD/541/ORDP//NAME/Rene und Tamara Neunzig/REMI/7669772/ISDT/20
25-11-05
:61:251105C000000002393,10N541NONREF//43238623236
DE05370502991154030857
:86:/TRCD/541/ORDP//NAME/Rene und Tamara Neunzig/REMI/658370/ISDT/202
5-11-05
:61:251105C000000000632,80N100EREF//43238622664
NL16INGB0004050064
:86:/EREF/05-11-2025 12:10 7020086609535465/TRCD/100/ORDP//NAME/M W P
 op het Roodt e/o A W op het Roodt-Verhezen/REMI/9054714686 70200
86609535465 SR/PURP//CD/EPAY/ISDT/2025-11-05
:61:251105C000000000736,92N100EREF//43238601719
NL33INGB0689569904
:86:/EREF/05-11-2025 12:49 7020924509656143/TRCD/100/ORDP//NAME/Hr BJ
 Weijers,Mw AT Schoon/REMI/9054801955 7020924509656143 EH/PURP//C
D/EPAY/ISDT/2025-11-05
:61:251105C000000000334,96N541NONREF//43238623539
DE82533500001080036651
:86:/TRCD/541/ORDP//NAME/Janina Engel/REMI/Buchungsnummer 3750064/ISD
T/2025-11-05
:61:251105C000000001817,68N541NONREF//43238632078
DE76280699564812425700
:86:/TRCD/541/ORDP//NAME/Ernst Vroom/REMI/163434/ISDT/2025-11-05
:61:251105C000000000319,80N100EREF//43238633298
NL35BUNQ2101124971
:86:/EREF/05-11-2025 13:22 7020426600565960/TRCD/100/ORDP//NAME/L. Bu
schman/REMI/9054888035 7020426600565960 ZV/PURP//CD/EPAY/ISDT/202
5-11-05
:61:251105C000000001101,26N541EREF//OO9T005178079588
NL69RABO0137304447
:86:/EREF/OO9B005178079588/PREF/OO9B005178079588/TRCD/541/ORDP//NAME/
T.J.M. van der Sman eo J.L. van der Sman-Smit/REMI/Res nummer 986
1349/ISDT/2025-11-05
:61:251105C000000001628,40N541NONREF//PEIP-20251105114
NL62ABNA0488313449
:86:/TRCD/541/ORDP//NAME/CEJ TEMMING CJ/REMI/reserveringsnummer '7686
81'/ISDT/2025-11-05
:61:251105C000000000557,20N100EREF//OO9T005178078532
NL42RABO0112130135
:86:/EREF/05-11-2025 14:30 7020566609535519/TRCD/100/ORDP//NAME/R. va
n Hengel/REMI/9055057915 7020566609535519 SR xui-57221586/PURP//C
D/EPAY/ISDT/2025-11-05
:61:251105C000000000823,20N541EREF//OO9T005178102010
NL04RABO0347340784
:86:/EREF/OO9B005178102010/PREF/OO9B005178102010/TRCD/541/ORDP//NAME/
L. Siemerink eo J.H. Siemerink-Sanderman/REMI/Boekingsnr. 5820636
/ISDT/2025-11-05
:61:251105C000000000345,40N100EREF//OO9T005178100341
NL05RABO0104926708
:86:/EREF/05-11-2025 14:36 7020375985507544/TRCD/100/ORDP//NAME/E.J.J
. Frusch eo S.H.F.N.M. Frusch-Stegerman/REMI/9055074046 702037598
5507544 MD xui-92951536/PURP//CD/EPAY/ISDT/2025-11-05
:61:251105C000000000677,90N541NONREF//PEIP-20251105114
NL36ABNA0576712442
:86:/TRCD/541/ORDP//NAME/J ROGGEKAMP DE VRIES CJ/REMI/reservering  09
99742/ISDT/2025-11-05
:61:251105C000000001450,80N541EREF//PEIP-20251105114
NL16INGB0002986071
:86:/EREF/7-8-2026 tot 14-8-2026 VIPcottage/TRCD/541/ORDP//NAME/Mw H 
G M Milo-Verwater/REMI/reserveringsnr 749145 HGM Milo Terhills re
sort/ISDT/2025-11-05
:61:251105C000000000439,02N100EREF//OO9T005178127108
NL06RABO0301908567
:86:/EREF/05-11-2025 14:45 7020705091476317/TRCD/100/ORDP//NAME/M.A. 
Poirot-de Wit/REMI/9055089535 7020705091476317 VN xui-33964214/PU
RP//CD/EPAY/ISDT/2025-11-05
:61:251105C000000000079,00N100EREF//43238730576
NL48ABNA0508255058
:86:/EREF/05-11-2025 12:44 7020676009416923/TRCD/100/ORDP//NAME/J MUS
KIET/REMI/9054796872 7020676009416923 PZ/PURP//CD/EPAY/ISDT/2025-
11-05
:61:251105C000000000052,00N100EREF//43238728657
NL50ABNA0809319063
:86:/EREF/05-11-2025 12:38 7020205391537742/TRCD/100/ORDP//NAME/J HIC
KMANN/REMI/9054785664 7020205391537742 HH/PURP//CD/EPAY/ISDT/2025
 11-05
:61:251105C000000001226,56N100EREF//43238727435
NL98ABNA0503570028
:86:/EREF/05-11-2025 12:06 7020006582507133/TRCD/100/ORDP//NAME/RAHL 
VAN MARION CJ/REMI/9054705483 7020006582507133 MD/PURP//CD/EPAY/I
SDT/2025-11-05
:61:251105C000000000337,40N100EREF//43238727762
NL74ABNA0849505925
:86:/EREF/05-11-2025 12:37 7020565085627043/TRCD/100/ORDP//NAME/R C A
 OOMEN CJ/REMI/9054782981 7020565085627043 HH/PURP//CD/EPAY/ISDT/
2025-11-05
:61:251105C000000000616,20N100EREF//43238734831
NL59ABNA0626393779
:86:/EREF/05-11-2025 12:33 7020016906626722/TRCD/100/ORDP//NAME/STICH
TING RINO/REMI/9054774771 7020016906626722 KV/PURP//CD/EPAY/ISDT/
2025-11-05
:61:251105C000000000629,00N100EREF//43238734840
NL96ABNA0417973675
:86:/EREF/05-11-2025 12:11 7020974794567157/TRCD/100/ORDP//NAME/AC VA
N MEER CJ/REMI/9054720560 7020974794567157 TH/PURP//CD/EPAY/ISDT/
2025-11-05
:61:251105C000000000058,00N100EREF//43238735507
NL66ABNA0504874187
:86:/EREF/05-11-2025 12:42 7020866282477118/TRCD/100/ORDP//NAME/MEREL
 FUCHTEN/REMI/9054799358 7020866282477118 EH/PURP//CD/EPAY/ISDT/2
025-11-05
:61:251105C000000003387,64N100EREF//43238729672
NL15ABNA0890238839
:86:/EREF/05-11-2025 12:57 7020324206567136/TRCD/100/ORDP//NAME/GLUVE
RS-SCHON S CJ/REMI/9054830965 7020324206567136 EH/PURP//CD/EPAY/I
SDT/2025-11-05
:61:251105C000000000801,75N100EREF//43238740007
NL53ASNB0707836174
:86:/EREF/2025-11-05T09:49 7020865700626233/TRCD/100/ORDP//NAME/P.A.K
.G. vd Lee/REMI/9054357627 7020865700626233 HB/PURP//CD/EPAY/ISDT
/2025-11-05
:61:251105C000000000156,12N541EREF//PEIP-20251105114
NL07INGB0002304614
:86:/EREF/tnv Sunparks Nederland/TRCD/541/ORDP//NAME/Mw S M Siemes/RE
MI/reservering 2t/m5 dec.2025/ISDT/2025-11-05
:61:251105C000000000027,00N100EREF//OO9T005178175316
NL62RABO0340867221
:86:/EREF/05-11-2025 14:59 7020394203417829/TRCD/100/ORDP//NAME/M.A. 
Luiten/REMI/9055125642 7020394203417829 EH xui-64231318/PURP//CD/
EPAY/ISDT/2025-11-05
:61:251105C000000001222,09N100EREF//OO9T005178184271
NL57RABO0195263715
:86:/EREF/05-11-2025 15:02 7020525091626695/TRCD/100/ORDP//NAME/Enjoy
4you/REMI/9055130606 7020525091626695 SL xui-30306891/PURP//CD/EP
AY/ISDT/2025-11-05
:61:251105C000000000268,10N100EREF//OO9T005178186298
NL10RABO0329747398
:86:/EREF/05-11-2025 15:02 7020865388507016/TRCD/100/ORDP//NAME/A.M.C
. van Baren eo W. Sijmons/REMI/9055135520 7020865388507016 HH xui
 33823366/PURP//CD/EPAY/ISDT/2025-11-05
:61:251105C000000000159,80N100EREF//OO9T005178194291
NL26RABO0106228846
:86:/EREF/05-11-2025 15:05 7020415397447316/TRCD/100/ORDP//NAME/C.J.M
. Konings/REMI/9055137784 7020415397447316 HB xui-27208894/PURP//
CD/EPAY/ISDT/2025-11-05
:61:251105C000000001815,70N100EREF//OO9T005178197442
NL94RABO0146568079
:86:/EREF/05-11-2025 15:06 7020195097475069/TRCD/100/ORDP//NAME/T. de
 Goede/REMI/9055140864 7020195097475069 KV xui-35981987/PURP//CD/
EPAY/ISDT/2025-11-05
:61:251105C000000000250,00N100EREF//OO9T005178200653
NL90RABO0316278769
:86:/EREF/05-11-2025 15:07 7020554194655270/TRCD/100/ORDP//NAME/H.E.M
. Schot/REMI/9055143789 7020554194655270 EH xui-75354181/PURP//CD
/EPAY/ISDT/2025-11-05
:61:251105C000000001632,12N541EREF//PEIP-20251105114
BE26385025905329
:86:/EREF/36174d80a32048c8957e68152abe182a/TRCD/541/ORDP//NAME/DE H E
N MEVR JAN DELEU NEIRINCK/REMI/boekingsnummer 6648935/PURP//CD/OT
HR/ISDT/2025-11-05
:61:251105C000000001220,48N100EREF//OO9T005178207280
NL57RABO0195263715
:86:/EREF/05-11-2025 15:09 7020175697627994/TRCD/100/ORDP//NAME/Enjoy
4you/REMI/9055152197 7020175697627994 EH xui-30306891/PURP//CD/EP
AY/ISDT/2025-11-05
:61:251105C000000001627,67N541NONREF//PEIP-20251105114
NL32RBRB0898214122
:86:/TRCD/541/ORDP//NAME/C.A. Hendriks/REMI/reserveringsnummer 996760
0/ISDT/2025-11-05
:61:251105C000000000291,40N100EREF//OO9T005178230692
NL02RABO0324100590
:86:/EREF/05-11-2025 15:16 7020215997505477/TRCD/100/ORDP//NAME/K. Mo
oring/REMI/9055168560 7020215997505477 HH xui-81943392/PURP//CD/E
PAY/ISDT/2025-11-05
:61:251105C000000000425,16N541NONREF//PEIP-20251105114
NL08ABNA0564340790
:86:/TRCD/541/ORDP//NAME/A WESSELING NELISSEN/REMI/5698151/ISDT/2025-
11-05
:61:251105C000000002179,20N541EREF//OO9T005178282749
NL43RABO0381602907
:86:/EREF/OO9B005178282749/PREF/OO9B005178282749/TRCD/541/ORDP//NAME/
H.J. Luinge eo H.J. Luinge-Kinkelaar/REMI/5230076/ISDT/2025-11-05
:61:251105C000000000045,00N541NONREF//PEIP-20251105114
NL59ABNA0550026843
:86:/TRCD/541/ORDP//NAME/SM VAN DE BELD CJ/REMI/4392004/ISDT/2025-11-
05
:61:251105C000000000150,00N541NONREF//PEIP-20251105114
NL73INGB0113112734
:86:/TRCD/541/ORDP//NAME/Mw K Vink/REMI/6874284/ISDT/2025-11-05
:61:251105C000000000442,72N100EREF//43238802015
NL19INGB0657205621
:86:/EREF/05-11-2025 13:30 7020236000687577/TRCD/100/ORDP//NAME/Hr FJ
X Beumer/REMI/9054905196 7020236000687577 KM/PURP//CD/EPAY/ISDT/2
025-11-05
:61:251105C000000000881,18N100EREF//43238820385
NL17INGB0005088237
:86:/EREF/05-11-2025 13:21 7020666900445471/TRCD/100/ORDP//NAME/Hr S 
E M Bogers en/of Mw M H G T Bogers-Verbeet/REMI/9054886291 702066
6900445471 VM/PURP//CD/EPAY/ISDT/2025-11-05
:61:251105C000000000059,00N100EREF//43238820475
NL08INGB0678324174
:86:/EREF/05-11-2025 13:39 7020884785445333/TRCD/100/ORDP//NAME/Hr D 
Pieterson, Mw L Kaptein/REMI/9054925822 7020884785445333 EH/PURP/
/CD/EPAY/ISDT/2025-11-05
:61:251105C000000000059,00N100EREF//43238820702
NL08INGB0678324174
:86:/EREF/05-11-2025 13:38 7020374482507358/TRCD/100/ORDP//NAME/Hr D 
Pieterson, Mw L Kaptein/REMI/9054930429 7020374482507358 EH/PURP/
/CD/EPAY/ISDT/2025-11-05
:61:251105C000000000240,10N100EREF//43238822036
NL82INGB0687328322
:86:/EREF/05-11-2025 13:21 7020826585566701/TRCD/100/ORDP//NAME/Mw IL
M Papendorp/REMI/9054890777 7020826585566701 HH/PURP//CD/EPAY/ISD
T/2025-11-05
:61:251105C000000000829,40N100EREF//43238829151
NL57INGB0001715603
:86:/EREF/05-11-2025 13:10 7020145709656110/TRCD/100/ORDP//NAME/Hr BM
 Biesheuvel, Mw MG Biesheuvel-Verdoorn/REMI/9054852988 7020145709
656110 EP/PURP//CD/EPAY/ISDT/2025-11-05
:61:251105C000000000593,70N100EREF//43238829287
NL62TRIO0786750111
:86:/EREF/05-11-25 12:58 7020395085415624/TRCD/100/ORDP//NAME/F.M. va
n Vree/REMI/9054827535 7020395085415624 HB/PURP//CD/EPAY/ISDT/202
5-11-05
:61:251105C000000000102,30N100EREF//43238831405
NL51ABNA0486622355
:86:/EREF/05-11-2025 13:17 7020976594626293/TRCD/100/ORDP//NAME/K GRI
SSEN CJ/REMI/9054876962 7020976594626293 HB/PURP//CD/EPAY/ISDT/20
25-11-05
:61:251105C000000000280,90N100EREF//43238832352
NL95ABNA0249023652
:86:/EREF/05-11-2025 13:23 7020294782595138/TRCD/100/ORDP//NAME/DHH E
LSKAMP/REMI/9054896061 7020294782595138 HB/PURP//CD/EPAY/ISDT/202
5-11-05
:61:251105C000000001724,00N100EREF//43238777797
NL11ABNA0808587609
:86:/EREF/05-11-2025 13:38 7020796894566548/TRCD/100/ORDP//NAME/WERFF
 J W VD CJ/REMI/9054919054 7020796894566548 TH/PURP//CD/EPAY/ISDT
/2025-11-05
:61:251105C000000000012,50N100EREF//43238778809
NL93ABNA0840699050
:86:/EREF/05-11-2025 13:30 7020394488476455/TRCD/100/ORDP//NAME/CAFE 
E/REMI/9054903243 7020394488476455 KV/PURP//CD/EPAY/ISDT/2025-11-
05
:61:251105C000000002079,10N100EREF//43238778651
NL22ABNA0454261446
:86:/EREF/05-11-2025 13:34 7020226309476194/TRCD/100/ORDP//NAME/MMA V
AN DER SLUIJS CJ/REMI/9054921295 7020226309476194 ZV/PURP//CD/EPA
Y/ISDT/2025-11-05
:61:251105C000000000250,00N541NONREF//PEIP-20251105114
NL46INGB0679213368
:86:/TRCD/541/ORDP//NAME/Hr JBH de Schouwer, Mw P de Schouwer-Bakker/
REMI/boekingsnummer:5008555/ISDT/2025-11-05
:61:251105C000000000441,29N100EREF//OO9T005178298334
NL23RABO0144596377
:86:/EREF/05-11-2025 15:36 7020826594477232/TRCD/100/ORDP//NAME/F.J.G
. van Sonsbeek/REMI/9055225036 7020826594477232 HE xui-53561295/P
URP//CD/EPAY/ISDT/2025-11-05
:61:251105C000000001062,40N100EREF//OO9T005178296144
NL49RABO0358089611
:86:/EREF/05-11-2025 15:35 7020774488655918/TRCD/100/ORDP//NAME/R. Ru
issen eo M. Opschoor/REMI/9055223966 7020774488655918 EH xui-8403
9529/PURP//CD/EPAY/ISDT/2025-11-05
:61:251105C000000001554,18N541NONREF//PEIP-20251105114
NL16INGB0000261050
:86:/TRCD/541/ORDP//NAME/Hr K Snoeij en Mw J Snoeij-Becht/REMI/1e ter
mijn boeking 4531798/ISDT/2025-11-05
:61:251105C000000000167,70N100EREF//OO9T005178348989
NL20RABO0182447286
:86:/EREF/05-11-2025 15:51 7020396891537034/TRCD/100/ORDP//NAME/L.F.M
. Vermonden/REMI/9055258390 7020396891537034 VM xui-10067385/PURP
//CD/EPAY/ISDT/2025-11-05
:61:251105C000000001367,00N100EREF//43238902458
NL63ABNA0843325380
:86:/EREF/05-11-2025 14:17 7020504197417781/TRCD/100/ORDP//NAME/ARNOL
DUS E/REMI/9055023377 7020504197417781 KV/PURP//CD/EPAY/ISDT/2025
 11-05
:61:251105C000000000950,60N100EREF//43238905821
NL67SNSB0906572010
:86:/EREF/2025-11-05T10:54 7020285691536080/TRCD/100/ORDP//NAME/A. Sc
heffer/REMI/9054511413 7020285691536080 HH/PURP//CD/EPAY/ISDT/202
5-11-05
:61:251105C000000000637,40N100EREF//43238900082
NL24ABNA0572643411
:86:/EREF/05-11-2025 14:24 7020605688655732/TRCD/100/ORDP//NAME/DK FR
ANCISCA/REMI/9055038076 7020605688655732 LH/PURP//CD/EPAY/ISDT/20
25-11-05
:61:251105C000000000021,00N100EREF//43238899989
NL39ABNA0579357481
:86:/EREF/05-11-2025 14:22 7020625397506494/TRCD/100/ORDP//NAME/ABM S
ERIER CJ/REMI/9055032556 7020625397506494 KV/PURP//CD/EPAY/ISDT/2
025-11-05
:61:251105C000000004960,05N541NONREF//PEIP-20251105114
NL83INGB0390725099
:86:/TRCD/541/ORDP//NAME/Hr S Brinks,Mw YM Brussen/REMI/rserveringsnu
mmer:925608/ISDT/2025-11-05
:61:251105C000000000418,80N100EREF//OO9T005178377558
NL04RABO0335964818
:86:/EREF/05-11-2025 15:59 7020656600626641/TRCD/100/ORDP//NAME/M.B. 
Kortink eo H.M. Hoenderop/REMI/9055281744 7020656600626641 LH xui
 84048945/PURP//CD/EPAY/ISDT/2025-11-05
:61:251105C000000000731,74N541NONREF//PEIP-20251105114
NL91INGB0008571727
:86:/TRCD/541/ORDP//NAME/Stichting Superhelden/REMI/Factuurnr 2025.82
81855/001/ISDT/2025-11-05
:61:251105C000000000728,14N541NONREF//PEIP-20251105114
NL91INGB0008571727
:86:/TRCD/541/ORDP//NAME/Stichting Superhelden/REMI/Factuurnr 2025.82
82746/001/ISDT/2025-11-05
:61:251105C000000000532,90N541NONREF//PEIP-20251105114
BE03731026782984
:86:/TRCD/541/ORDP//NAME/BERTELS-VAN LOON N + E/REMI/926645/ISDT/2025
 11-05
:61:251105C000000000347,12N100EREF//OO9T005178402783
NL76RABO0156468514
:86:/EREF/05-11-2025 16:06 7020026297625636/TRCD/100/ORDP//NAME/M. va
n den Berg eo B.M. Smit/REMI/9055296873 7020026297625636 MD xui-7
1700848/PURP//CD/EPAY/ISDT/2025-11-05
:61:251105C000000000195,24N100EREF//OO9T005178403439
NL10RABO0130648205
:86:/EREF/05-11-2025 16:07 7020126891566440/TRCD/100/ORDP//NAME/M.J.A
. van Gerven/REMI/9055300350 7020126891566440 VM xui-10681164/PUR
P//CD/EPAY/ISDT/2025-11-05
:61:251105C000000000481,20N100EREF//OO9T005178403213
NL66RABO0130763306
:86:/EREF/05-11-2025 16:07 7020344800687055/TRCD/100/ORDP//NAME/E.M. 
Kuipers eo E.B. Herder/REMI/9055300341 7020344800687055 EH xui-41
899187/PURP//CD/EPAY/ISDT/2025-11-05
:61:251105C000000000250,00N100EREF//OO9T005178418904
NL97RABO0155553232
:86:/EREF/05-11-2025 16:11 7020425391565228/TRCD/100/ORDP//NAME/J.L.A
. Herman/REMI/9055311937 7020425391565228 HB xui-62766894/PURP//C
D/EPAY/ISDT/2025-11-05
:61:251105C000000000208,00N100EREF//OO9T005178417818
NL73RABO0181975688
:86:/EREF/05-11-2025 16:11 7020126903597991/TRCD/100/ORDP//NAME/M.L. 
van Geene eo E.M.H.T. van der Westen/REMI/9055309031 702012690359
7991 KV xui-12747418/PURP//CD/EPAY/ISDT/2025-11-05
:61:251105C000000000059,00N100EREF//OO9T005178426900
NL32RABO0122620380
:86:/EREF/05-11-2025 16:13 7020524200595450/TRCD/100/ORDP//NAME/E. Ro
otjes eo E. Rootjes-Seijts/REMI/9055315474 7020524200595450 HH xu
i-98277987/PURP//CD/EPAY/ISDT/2025-11-05
:61:251105C000000000302,40N541EREF//OO9T005178470300
NL12RABO0333965213
:86:/EREF/OO9B005178470300/PREF/OO9B005178470300/TRCD/541/ORDP//NAME/
F. de Kraker eo C.E. de Kraker-Binken/REMI/Reserveringen 785973/I
SDT/2025-11-05
:61:251105C000000000476,00N100EREF//43238977137
NL08INGB0006829258
:86:/EREF/05-11-2025 13:59 7020665706687004/TRCD/100/ORDP//NAME/Mw M 
M van Hagen/REMI/9054981117 7020665706687004 LH/PURP//CD/EPAY/ISD
T/2025-11-05
:61:251105C000000000836,40N100EREF//43238976684
NL23INGB0006739554
:86:/EREF/05-11-2025 14:21 7020675382535081/TRCD/100/ORDP//NAME/Mw M 
Buurman/REMI/9055036022 7020675382535081 EH/PURP//CD/EPAY/ISDT/20
25-11-05
:61:251105C000000000314,20N100EREF//43238975693
NL07INGB0101373139
:86:/EREF/05-11-2025 14:19 7020265988507541/TRCD/100/ORDP//NAME/Mw D 
Nelisse,Hr Z Dosa/REMI/9055028693 7020265988507541 LH/PURP//CD/EP
AY/ISDT/2025-11-05
:61:251105C000000000191,08N100EREF//43238992754
NL78INGB0114491887
:86:/EREF/05-11-2025 14:23 7020295988416194/TRCD/100/ORDP//NAME/Hr S 
Mansour/REMI/9055038501 7020295988416194 EH/PURP//CD/EPAY/ISDT/20
25-11-05
:61:251105C000000000558,20N100EREF//43238991530
NL31INGB0003587880
:86:/EREF/05-11-2025 14:40 7020305403566134/TRCD/100/ORDP//NAME/Mw A 
J A Braun/REMI/9055081207 7020305403566134 KV/PURP//CD/EPAY/ISDT/
2025-11-05
:61:251105C000000000405,60N100EREF//43238991801
NL29INGB0660980002
:86:/EREF/05-11-2025 14:40 7020085097446776/TRCD/100/ORDP//NAME/Mw RH
K Reijsenbach de Haan,Hr M Olieman/REMI/9055081189 70200850974467
76 ZV/PURP//CD/EPAY/ISDT/2025-11-05
:61:251105C000000000050,00N100EREF//43238979125
NL14INGB0006656005
:86:/EREF/05-11-2025 14:34 7020245688507661/TRCD/100/ORDP//NAME/Hr H 
Baas,Mw MM Baas-van Duin/REMI/9055067183 7020245688507661 ZV/PURP
//CD/EPAY/ISDT/2025-11-05
:61:251105C000000002471,35N100EREF//43238994104
NL22INGB0684373424
:86:/EREF/05-11-2025 14:17 7020445394597916/TRCD/100/ORDP//NAME/Hr MF
 van Gulik/REMI/9055025673 7020445394597916 EP/PURP//CD/EPAY/ISDT
/2025-11-05
:61:251105C000000000050,00N100EREF//43238994251
NL14INGB0006656005
:86:/EREF/05-11-2025 14:25 7020854800567310/TRCD/100/ORDP//NAME/Hr H 
Baas,Mw MM Baas-van Duin/REMI/9055038850 7020854800567310 EH/PURP
//CD/EPAY/ISDT/2025-11-05
:61:251105C000000000254,64N100EREF//43238997415
NL65INGB0009163604
:86:/EREF/05-11-2025 14:38 7020335100567616/TRCD/100/ORDP//NAME/Hr F 
Figlarz/REMI/9055045168 7020335100567616 EP/PURP//CD/EPAY/ISDT/20
25-11-05
:61:251105C000000000015,00N100EREF//43238999675
NL40INGB0006969041
:86:/EREF/05-11-2025 14:50 7020455703687193/TRCD/100/ORDP//NAME/Mw M 
J Maathuis-Wienk en/of Hr B H M Maathuis/REMI/9055104480 70204557
03687193 HH/PURP//CD/EPAY/ISDT/2025-11-05
:61:251105C000000000299,79N100EREF//43238971280
NL74INGB0688176828
:86:/EREF/05-11-2025 14:54 7020476294476674/TRCD/100/ORDP//NAME/Mw K 
Jeroense-Schuilwerve,Hr SR Jeroense/REMI/9055116125 7020476294476
674 EH/PURP//CD/EPAY/ISDT/2025-11-05
:61:251105C000000000055,50N100EREF//43238971739
NL50INGB0004897329
:86:/EREF/05-11-2025 14:55 7020175709625747/TRCD/100/ORDP//NAME/Mw D 
J M Fransen-Wellens en/of Hr R W M Fransen/REMI/9055111433 702017
5709625747 LH/PURP//CD/EPAY/ISDT/2025-11-05
:61:251105C000000000027,00N100EREF//43238938928
NL36ABNA0839504551
:86:/EREF/05-11-2025 14:35 7020064791597793/TRCD/100/ORDP//NAME/I PES
ARINI CJ/REMI/9055061914 7020064791597793 HB/PURP//CD/EPAY/ISDT/2
025-11-05
:61:251105C000000000666,08N100EREF//OO9T005178467147
NL94RABO0109051777
:86:/EREF/05-11-2025 16:25 7020826900687925/TRCD/100/ORDP//NAME/R.R.H
. van der Zanden eo R.R.T. van de Wetering/REMI/9055339850 702082
6900687925 HB xui-50102225/PURP//CD/EPAY/ISDT/2025-11-05
:61:251105C000000000318,10N100EREF//OO9T005178521085
NL62RABO0362650802
:86:/EREF/05-11-2025 16:39 7020305988477565/TRCD/100/ORDP//NAME/J.G. 
Verhoeven/REMI/9055384973 7020305988477565 KV xui-10020392/PURP//
CD/EPAY/ISDT/2025-11-05
:61:251105C000000000835,00N100EREF//OO9T005178548885
NL66RABO0341218871
:86:/EREF/05-11-2025 16:47 7020116591686107/TRCD/100/ORDP//NAME/J.P. 
Heesbeen/REMI/9055402916 7020116591686107 HB xui-99843874/PURP//C
D/EPAY/ISDT/2025-11-05
:61:251105C000000001238,33N100EREF//43239066303
NL24INGB0671349392
:86:/EREF/05-11-2025 15:02 7020674185685039/TRCD/100/ORDP//NAME/Hr AJ
A van Laarhoven, Mw K van Lonkhuijsen/REMI/9055132918 70206741856
85039 PZ/PURP//CD/EPAY/ISDT/2025-11-05
:61:251105C000000000384,65N100EREF//43239058754
NL16ABNA0473540304
:86:/EREF/05-11-2025 15:27 7020634497477583/TRCD/100/ORDP//NAME/JORDI
 DE GROOT/REMI/9055198536 7020634497477583 SR/PURP//CD/EPAY/ISDT/
2025-11-05
:61:251105C000000000085,50N100EREF//43239071574
NL32INGB0004059961
:86:/EREF/05-11-2025 15:07 7020386294415828/TRCD/100/ORDP//NAME/Hr J 
Meijer en Mw J Meijer-Boonstra/REMI/9055143009 7020386294415828 H
B/PURP//CD/EPAY/ISDT/2025-11-05
:61:251105C000000000254,20N100EREF//43239069618
NL19INGB0005043096
:86:/EREF/05-11-2025 15:09 7020296303535984/TRCD/100/ORDP//NAME/Hr MA
 van Giesen, Mw MJ Ferreira Ribeiro/REMI/9055152075 7020296303535
984 MD/PURP//CD/EPAY/ISDT/2025-11-05
:61:251105C000000000807,15N100EREF//43239069122
NL75INGB0799096407
:86:/EREF/05-11-2025 15:08 7020014803656695/TRCD/100/ORDP//NAME/Hr GR
 Kooij,Mw SN Kooij-Staakman/REMI/9055150922 7020014803656695 HB/P
URP//CD/EPAY/ISDT/2025-11-05
:61:251105C000000000344,00N100EREF//43239070378
NL50INGB0749373202
:86:/EREF/05-11-2025 15:00 7020155985567142/TRCD/100/ORDP//NAME/Mw M 
Lukens,Hr R van der Struik/REMI/9055133751 7020155985567142 EP/PU
RP//CD/EPAY/ISDT/2025-11-05
:61:251105C000000000254,20N100EREF//43239073057
NL88INGB0003539227
:86:/EREF/05-11-2025 15:23 7020115085447952/TRCD/100/ORDP//NAME/Hr W 
M van den Berg en/of Mw M A C Botman/REMI/9055186931 702011508544
7952 ZV/PURP//CD/EPAY/ISDT/2025-11-05
:61:251105C000000001210,65N100EREF//43239058495
NL43ABNA0552894257
:86:/EREF/05-11-2025 15:13 7020914206476464/TRCD/100/ORDP//NAME/WNM V
AN LAARHOVEN/REMI/9055164157 7020914206476464 PZ/PURP//CD/EPAY/IS
DT/2025-11-05
:61:251105C000000000262,08N100EREF//43239058054
NL54ABNA0588621099
:86:/EREF/05-11-2025 15:05 7020645985565468/TRCD/100/ORDP//NAME/L ROE
LOFS/REMI/9055137823 7020645985565468 EH/PURP//CD/EPAY/ISDT/2025-
11-05
:61:251105C000000000756,07N541EREF//OO9T005178579101
NL29RABO0105885703
:86:/EREF/OO9B005178579101/PREF/OO9B005178579101/TRCD/541/ORDP//NAME/
A.C. Nederveld-Sonneborn/REMI/9325775/ISDT/2025-11-05
:61:251105C000000001347,59N100EREF//OO9T005178634119
NL89RABO0107953730
:86:/EREF/05-11-2025 17:09 7020854500657802/TRCD/100/ORDP//NAME/G.M. 
Kamerman eo F. Celie/REMI/9055455608 7020854500657802 PZ xui-4648
4975/PURP//CD/EPAY/ISDT/2025-11-05
:61:251105C000000000484,08N100EREF//OO9T005178637996
NL75RABO0365021830
:86:/EREF/05-11-2025 17:10 7020886594626845/TRCD/100/ORDP//NAME/R.A. 
van Bussel eo B.J. van Bussel-Keuken/REMI/9055457034 702088659462
6845 MD xui-76255868/PURP//CD/EPAY/ISDT/2025-11-05
:61:251105C000000000710,52N100EREF//OO9T005178657024
NL42RABO0174837240
:86:/EREF/05-11-2025 17:15 7020155388567325/TRCD/100/ORDP//NAME/M.A.H
. Vermunt/REMI/9055466985 7020155388567325 KV xui-18049876/PURP//
CD/EPAY/ISDT/2025-11-05
:61:251105C000000000412,56N100EREF//OO9T005178664854
NL06RABO0315417951
:86:/EREF/05-11-2025 17:17 7020036906536467/TRCD/100/ORDP//NAME/J.L. 
Kruithof eo W.W.M. Kruithof-Zweers/REMI/9055473043 70200369065364
67 ZV xui-31035576/PURP//CD/EPAY/ISDT/2025-11-05
:61:251105C000000000277,42N100EREF//OO9T005178659758
NL27RABO0161161383
:86:/EREF/05-11-2025 17:16 7020565703537550/TRCD/100/ORDP//NAME/G.A.M
. de Kort eo Y. Zomer/REMI/9055475217 7020565703537550 EH xui-522
41514/PURP//CD/EPAY/ISDT/2025-11-05
:61:251105C000000000065,70N541EREF//OO9T005178690489
NL55RABO0170656500
:86:/EREF/OO9B005178690489/PREF/OO9B005178690489/TRCD/541/ORDP//NAME/
L.J.G.L. Schrauwen/REMI/4245978/ISDT/2025-11-05
:61:251105C000000000436,74N100EREF//OO9T005178705235
NL63RABO0396700985
:86:/EREF/05-11-2025 17:29 7020185106627511/TRCD/100/ORDP//NAME/C. Br
uns/REMI/9055504176 7020185106627511 SL xui-66714512/PURP//CD/EPA
Y/ISDT/2025-11-05
:61:251105C000000000454,59N100EREF//OO9T005178741451
NL42RABO0191892653
:86:/EREF/05-11-2025 17:39 7020925409536533/TRCD/100/ORDP//NAME/L.S. 
van der Burg/REMI/9055529568 7020925409536533 EH xui-41875240/PUR
P//CD/EPAY/ISDT/2025-11-05
:61:251105C000000000079,90N100EREF//OO9T005178747639
NL18RABO0116333480
:86:/EREF/05-11-2025 17:41 7020716897565921/TRCD/100/ORDP//NAME/D. Ku
yl eo B. Kuyl-Tieltjes/REMI/9055525552 7020716897565921 HE xui-64
134514/PURP//CD/EPAY/ISDT/2025-11-05
:61:251105C000000000723,35N100EREF//OO9T005178746423
NL87RABO0301546657
:86:/EREF/05-11-2025 17:41 7020074194476170/TRCD/100/ORDP//NAME/M. Sc
hmaal/REMI/9055529937 7020074194476170 HB xui-96855565/PURP//CD/E
PAY/ISDT/2025-11-05
:61:251105C000000000029,00N100EREF//OO9T005178765984
NL08RABO0180709844
:86:/EREF/05-11-2025 17:47 7020626600627349/TRCD/100/ORDP//NAME/M.G.G
. de Kroon eo R. de Kroon-van Rijnsoever/REMI/9055548409 70206266
00627349 AR xui-18755582/PURP//CD/EPAY/ISDT/2025-11-05
:61:251105C000000000312,60N100EREF//OO9T005178772738
NL53RABO0189168889
:86:/EREF/05-11-2025 17:49 7020295391567736/TRCD/100/ORDP//NAME/M.J.T
. Rutten eo M. Schouten/REMI/9055545363 7020295391567736 MD xui-3
6668167/PURP//CD/EPAY/ISDT/2025-11-05
:61:251105C000000000859,92N100EREF//OO9T005178800793
NL10RABO0330687425
:86:/EREF/05-11-2025 17:58 7020025394445081/TRCD/100/ORDP//NAME/R. Vo
orsluis eo E.E. de Beurs/REMI/9055571022 7020025394445081 ZV xui-
71574442/PURP//CD/EPAY/ISDT/2025-11-05
:61:251105C000000000039,00N100EREF//OO9T005178800168
NL46RABO0153321210
:86:/EREF/05-11-2025 17:58 7020265382595159/TRCD/100/ORDP//NAME/H vd 
Nieuwenhuizen-van den Tillaart/REMI/9055568447 7020265382595159 K
V xui-92182412/PURP//CD/EPAY/ISDT/2025-11-05
:61:251105C000000000212,40N100EREF//OO9T005178815723
NL21RABO0136111629
:86:/EREF/05-11-2025 18:03 7020006282536383/TRCD/100/ORDP//NAME/V. Di
 Santo/REMI/9055585034 7020006282536383 HH xui-24346995/PURP//CD/
EPAY/ISDT/2025-11-05
:61:251105C000000000990,60N100EREF//OO9T005178813211
NL90RABO0380319527
:86:/EREF/05-11-2025 18:03 7020216309506515/TRCD/100/ORDP//NAME/R.J.H
. groote Beverborg/REMI/9055579494 7020216309506515 HH xui-623933
53/PURP//CD/EPAY/ISDT/2025-11-05
:61:251105C000000000097,25N100EREF//OO9T005178824583
NL45RABO0300517467
:86:/EREF/05-11-2025 18:06 7020125691447031/TRCD/100/ORDP//NAME/E.B.M
.J. Onderstal-Wesselink eo B. Onderstal/REMI/9055589717 702012569
1447031 PZ xui-17287625/PURP//CD/EPAY/ISDT/2025-11-05
:61:251105C000000001424,70N100EREF//OO9T005178829937
NL33RABO0132118408
:86:/EREF/05-11-2025 18:08 7020736285596482/TRCD/100/ORDP//NAME/H.J. 
Huiskes eo E.G.M. Huiskes-Nijland/REMI/9055594078 702073628559648
2 ZV xui-44323024/PURP//CD/EPAY/ISDT/2025-11-05
:61:251104D000000093024,99N625NONREF//NP8A000251495969
NL31RABO0300087233
:86:/EREF/POYTCPE2025000003487/TRCD/625/BENM//NAME/Center Parcs Europ
e N.V./REMI/CPES110500010 CC300002343/300087233/INIT//NAME/Center
 Parcs Europe N.V.
:61:251105D000001412721,01N625NONREF//NP8A000251495975
NL31RABO0300087233
:86:/EREF/POYTCPE2025000003489/TRCD/625/BENM//NAME/Center Parcs Europ
e N.V./REMI/CPES110500011 CC300002343/300087233/INIT//NAME/Center
 Parcs Europe N.V.
:61:251105C000000000239,12N541NONREF//PEIP-20251105114
NL63INGB0004998654
:86:/TRCD/541/ORDP//NAME/Hr R W J Boegborn/REMI/Reserveringsnummer 28
81544/ISDT/2025-11-05
:61:251105C000000000082,00N100EREF//OO9T005178866595
NL26RABO0132449013
:86:/EREF/05-11-2025 18:21 7020264800656035/TRCD/100/ORDP//NAME/J.J.B
. Smits/REMI/9055621695 7020264800656035 KV xui-52392234/PURP//CD
/EPAY/ISDT/2025-11-05
:61:251105C000000000865,82N541NONREF//PEIP-20251105114
NL57INGB0002760875
:86:/TRCD/541/ORDP//NAME/Hr M de Man, Mw HEF de Man-Koolwijk/REMI/807
1037/ISDT/2025-11-05
:61:251105C000000000878,35N100EREF//OO9T005178873176
NL21RABO0343690756
:86:/EREF/05-11-2025 18:24 7020416888685018/TRCD/100/ORDP//NAME/A.J. 
Vreugdenhil eo J.W. Vreugdenhil-van der Bij/REMI/9055628539 70204
16888685018 KV xui-93055576/PURP//CD/EPAY/ISDT/2025-11-05
:61:251105C000000000517,20N100EREF//OO9T005178901313
NL29RABO0378014935
:86:/EREF/05-11-2025 18:35 7020835382625192/TRCD/100/ORDP//NAME/A.M.S
. Lakeman eo M.A. Theunissen/REMI/9055654636 7020835382625192 KV 
xui-87183509/PURP//CD/EPAY/ISDT/2025-11-05
:61:251105C000000000078,00N100EREF//OO9T005178900679
NL02RABO0172940737
:86:/EREF/05-11-2025 18:35 7020664206506635/TRCD/100/ORDP//NAME/A.M.A
. Stokmans-Verheyden eo L.A.A.M. Stokmans/REMI/9055657355 7020664
206506635 EH xui-93462425/PURP//CD/EPAY/ISDT/2025-11-05
:61:251105C000000000029,00N100EREF//OO9T005178902207
NL78RABO0368221806
:86:/EREF/05-11-2025 18:35 7020635988567748/TRCD/100/ORDP//NAME/J.N. 
van der Weij eo P.G. Veenstra/REMI/9055653109 7020635988567748 HH
 xui-97880965/PURP//CD/EPAY/ISDT/2025-11-05
:61:251105C000000000769,47N541NONREF//PEIP-20251105114
NL23INGB0002491730
:86:/TRCD/541/ORDP//NAME/Mevr N H Hulstein-Heinsdijk/REMI/reservering
snr 3158788/ISDT/2025-11-05
:61:251105C000000000250,00N100EREF//OO9T005178922395
NL18RABO0108876314
:86:/EREF/05-11-2025 18:42 7020315685447520/TRCD/100/ORDP//NAME/I. Sc
hreurs eo I.P.J. Lemmens/REMI/9055671840 7020315685447520 EP xui-
96159802/PURP//CD/EPAY/ISDT/2025-11-05
:61:251105C000000000105,85N100EREF//OO9T005178941445
NL61RABO0307147711
:86:/EREF/05-11-2025 18:48 7020385409536569/TRCD/100/ORDP//NAME/A.A.N
.M. Loverbos eo S.W.F. Beerkens/REMI/9055683717 7020385409536569 
VM xui-96946666/PURP//CD/EPAY/ISDT/2025-11-05
:61:251105C000000001261,70N100EREF//OO9T005178976696
NL32RABO0346710847
:86:/EREF/05-11-2025 18:57 7020945694596395/TRCD/100/ORDP//NAME/J.P. 
Moerenhout eo C.M. Moerenhout-Neelen/REMI/9055707631 702094569459
6395 PZ xui-86092155/PURP//CD/EPAY/ISDT/2025-11-05
:61:251105C000000000418,20N100EREF//OO9T005179006223
NL33RABO0105306444
:86:/EREF/05-11-2025 19:05 7020415082686092/TRCD/100/ORDP//NAME/L.H. 
Venema eo H.C. Lieftink/REMI/9055723156 7020415082686092 ZV xui-4
3946471/PURP//CD/EPAY/ISDT/2025-11-05
:61:251105C000000000626,88N100EREF//OO9T005179029778
NL21RABO0340493151
:86:/EREF/05-11-2025 19:11 7020325685657955/TRCD/100/ORDP//NAME/W. Pi
pping eo S.W. Pipping-van der Hoest/REMI/9055738927 7020325685657
955 HH xui-74303153/PURP//CD/EPAY/ISDT/2025-11-05
:61:251105C000000001081,65N100EREF//OO9T005179045110
NL44RABO0381029522
:86:/EREF/05-11-2025 19:15 7020175388417400/TRCD/100/ORDP//NAME/D.H.J
. Smit eo E.S. Romijn/REMI/9055750110 7020175388417400 HH xui-531
84365/PURP//CD/EPAY/ISDT/2025-11-05
:61:251105C000000001056,09N100EREF//OO9T005179053279
NL86RABO0128395176
:86:/EREF/05-11-2025 19:17 7020986009565378/TRCD/100/ORDP//NAME/S.J. 
Sheppard/REMI/9055747232 7020986009565378 BS xui-42572960/PURP//C
D/EPAY/ISDT/2025-11-05
:61:251105C000000000545,20N100EREF//OO9T005179050669
NL04RABO0125406142
:86:/EREF/05-11-2025 19:17 7020524500416524/TRCD/100/ORDP//NAME/K.M.M
. Akkermans/REMI/9055753405 7020524500416524 ZV xui-49581849/PURP
//CD/EPAY/ISDT/2025-11-05
:61:251105C000000000591,80N541NONREF//PEIP-20251105114
NL33BUNQ2039045007
:86:/TRCD/541/ORDP//NAME/Dapo Jeugdhulp/REMI/Factuurnummer 2025.83054
69/001/ISDT/2025-11-05
:61:251105C000000001810,00N100EREF//OO9T005179056259
NL58RABO0321611144
:86:/EREF/05-11-2025 19:18 7020855685447946/TRCD/100/ORDP//NAME/W.G.T
. van Hummel/REMI/9055758225 7020855685447946 MD xui-88194610/PUR
P//CD/EPAY/ISDT/2025-11-05
:61:251105C000000000311,10N100EREF//OO9T005179066024
NL13RABO0344831620
:86:/EREF/05-11-2025 19:21 7020185982475531/TRCD/100/ORDP//NAME/F.C.L
. Marijn-Stolk eo J.J. Marijn/REMI/9055761392 7020185982475531 HB
 xui-35993296/PURP//CD/EPAY/ISDT/2025-11-05
:61:251105C000000001131,40N100EREF//OO9T005179070944
NL96RABO0155752294
:86:/EREF/05-11-2025 19:22 7020766906535699/TRCD/100/ORDP//NAME/S.T. 
Innemee eo A.M. Innemee-Rila/REMI/9055767086 7020766906535699 ZV 
xui-97226996/PURP//CD/EPAY/ISDT/2025-11-05
:61:251105C000000000347,74N100EREF//OO9T005179078217
NL82RABO0385727518
:86:/EREF/05-11-2025 19:24 7020575685537757/TRCD/100/ORDP//NAME/N.A.M
. de Mul eo A.W.M. de Munck/REMI/9055767426 7020575685537757 SL x
ui-25193644/PURP//CD/EPAY/ISDT/2025-11-05
:61:251105C000000000346,65N100EREF//OO9T005179087880
NL54RABO0387637370
:86:/EREF/05-11-2025 19:26 7020136603596119/TRCD/100/ORDP//NAME/S. Li
efers/REMI/9055776072 7020136603596119 HH xui-85606269/PURP//CD/E
PAY/ISDT/2025-11-05
:61:251105C000000000878,64N100EREF//OO9T005179128280
NL31RABO0141570415
:86:/EREF/05-11-2025 19:37 7020365682506887/TRCD/100/ORDP//NAME/M. Ol
denhuis eo A.A.M. de Jong/REMI/9055789461 7020365682506887 AG xui
 24676991/PURP//CD/EPAY/ISDT/2025-11-05
:61:251105C000000000047,00N100EREF//OO9T005179138142
NL97RABO0354450956
:86:/EREF/05-11-2025 19:40 7020575706415543/TRCD/100/ORDP//NAME/M.C.M
. Vollebregt/REMI/9055803074 7020575706415543 HB xui-53211353/PUR
P//CD/EPAY/ISDT/2025-11-05
:61:251105C000000000292,52N541EREF//OO9T005179141630
NL39RABO0132285819
:86:/EREF/OO9B005179141630/PREF/OO9B005179141630/TRCD/541/ORDP//NAME/
P. Pijpker eo K.S. Pijpker-Drost/REMI/Reserveringsnummer 4322638/
ISDT/2025-11-05
:61:251105C000000000526,10N100EREF//OO9T005179141813
NL08RABO0363727213
:86:/EREF/05-11-2025 19:41 7020645697596551/TRCD/100/ORDP//NAME/C. Pi
jpker/REMI/9055801580 7020645697596551 HH xui-23717732/PURP//CD/E
PAY/ISDT/2025-11-05
:61:251105C000000000222,08N100EREF//OO9T005179152209
NL54RABO0380222787
:86:/EREF/05-11-2025 19:44 7020164782506209/TRCD/100/ORDP//NAME/A.J. 
Fukkink/REMI/9055807663 7020164782506209 EH xui-73051411/PURP//CD
/EPAY/ISDT/2025-11-05
:61:251105C000000000850,08N541NONREF//PEIP-20251105114
NL08ABNA0506191133
:86:/TRCD/541/ORDP//NAME/H TAEKEMA GROOS/REMI/Reserveringsnummer 5181
917/ISDT/2025-11-05
:61:251105C000000001385,24N100EREF//OO9T005179157344
NL17RABO0142539503
:86:/EREF/05-11-2025 19:45 7020506603655747/TRCD/100/ORDP//NAME/W.A.J
. van Beek eo J.E.A.M. van Beek-Romme/ID/63252805/REMI/9055813679
 7020506603655747 SL xui-86399797/PURP//CD/EPAY/ISDT/2025-11-05
:61:251105C000000000244,60N100EREF//OO9T005179161580
NL87RABO0304855812
:86:/EREF/05-11-2025 19:47 7020375397625519/TRCD/100/ORDP//NAME/C.B.M
. van Schip-Derksen/REMI/9055815553 7020375397625519 ZV xui-10242
792/PURP//CD/EPAY/ISDT/2025-11-05
:61:251105C000000000250,00N541NONREF//PEIP-20251105114
NL08ABNA0506191133
:86:/TRCD/541/ORDP//NAME/H TAEKEMA GROOS/REMI/Reserveringsnummer 5183
589/ISDT/2025-11-05
:61:251105C000000001006,20N100EREF//OO9T005179173370
NL93RABO0305756737
:86:/EREF/05-11-2025 19:50 7020485385417946/TRCD/100/ORDP//NAME/G.H. 
Groenouwe/REMI/9055818630 7020485385417946 KV xui-89316983/PURP//
CD/EPAY/ISDT/2025-11-05
:61:251105C000000001484,34N100EREF//OO9T005179173644
NL67RABO0152033157
:86:/EREF/05-11-2025 19:50 7020264488537832/TRCD/100/ORDP//NAME/W. De
ckers eo J.F. Deckers-Hilte/REMI/9055822299 7020264488537832 LA x
ui-88361101/PURP//CD/EPAY/ISDT/2025-11-05
:61:251105C000000000550,30N100EREF//OO9T005179179482
NL08RABO0342687719
:86:/EREF/05-11-2025 19:52 7020764200415372/TRCD/100/ORDP//NAME/A.J. 
van Putten eo F. Schoonen/REMI/9055821943 7020764200415372 KV xui
 86344256/PURP//CD/EPAY/ISDT/2025-11-05
:61:251105C000000001280,48N100EREF//OO9T005179205355
NL43RABO0386166757
:86:/EREF/05-11-2025 19:59 7020975691657094/TRCD/100/ORDP//NAME/V. Ha
lleriet eo N. Halleriet-Harbers/REMI/9055836240 7020975691657094 
EH xui-45212147/PURP//CD/EPAY/ISDT/2025-11-05
:61:251105C000000001229,68N100EREF//OO9T005179201136
NL08RABO0334548934
:86:/EREF/05-11-2025 19:58 7020656585415837/TRCD/100/ORDP//NAME/B.K.J
. Leussink-Raamsteeboers eo M. Leussink/REMI/9055832580 702065658
5415837 ZV xui-82629426/PURP//CD/EPAY/ISDT/2025-11-05
:61:251105C000000000492,40N100EREF//OO9T005179213275
NL85RABO0337665516
:86:/EREF/05-11-2025 20:02 7020456309627364/TRCD/100/ORDP//NAME/B.J. 
Weidenaar eo T. Weidenaar-Hiemstra/REMI/9055843873 70204563096273
64 MD xui-33932900/PURP//CD/EPAY/ISDT/2025-11-05
:61:251105C000000000375,40N100EREF//OO9T005179214115
NL78RABO0128032928
:86:/EREF/05-11-2025 20:02 7020416600567361/TRCD/100/ORDP//NAME/R.A.H
.M. de Bruijn eo W. de Bruijn-Franken/REMI/9055838482 70204166005
67361 LH xui-13440710/PURP//CD/EPAY/ISDT/2025-11-05
:61:251105C000000000504,00N100EREF//OO9T005179227003
NL94RABO0319321975
:86:/EREF/05-11-2025 20:06 7020825685475957/TRCD/100/ORDP//NAME/W. Wi
llems eo T.M.E. Hilderink/REMI/9055850538 7020825685475957 TH xui
 42914703/PURP//CD/EPAY/ISDT/2025-11-05
:61:251105C000000000531,60N100EREF//OO9T005179242303
NL55RABO0308516974
:86:/EREF/05-11-2025 20:10 7020565106506542/TRCD/100/ORDP//NAME/A.J. 
Kruizinga eo F. Bouma/REMI/9055838444 7020565106506542 HH xui-560
06865/PURP//CD/EPAY/ISDT/2025-11-05
:61:251105C000000000709,80N100EREF//OO9T005179241249
NL49RABO0317236121
:86:/EREF/05-11-2025 20:10 7020454194567175/TRCD/100/ORDP//NAME/A.H. 
Gortzak eo J. van Bergeijk/REMI/9055856550 7020454194567175 MD xu
i-72060495/PURP//CD/EPAY/ISDT/2025-11-05
:61:251105C000000001460,69N541EREF//OO9T005179252887
NL80RABO0197785980
:86:/EREF/OO9B005179252887/PREF/OO9B005179252887/TRCD/541/ORDP//NAME/
M.M.J. Faasen eo A.C.E. Dhondt/REMI/1225032/ISDT/2025-11-05
:61:251105C000000000937,92N100EREF//OO9T005179251422
NL57RABO0138362157
:86:/EREF/05-11-2025 20:13 7020186591627640/TRCD/100/ORDP//NAME/B.M. 
Zeldenthuis-Verbrugge eo C.J. Zeldenthuis/REMI/9055859194 7020186
591627640 KM xui-75756298/PURP//CD/EPAY/ISDT/2025-11-05
:61:251105C000000000393,70N100EREF//OO9T005179263377
NL13RABO0340369426
:86:/EREF/05-11-2025 20:16 7020466900507163/TRCD/100/ORDP//NAME/S.N.M
. van Adrichem/REMI/9055870585 7020466900507163 HH xui-94892351/P
URP//CD/EPAY/ISDT/2025-11-05
:61:251105C000000000160,60N100EREF//OO9T005179267987
NL18RABO0397585756
:86:/EREF/05-11-2025 20:18 7020856588657163/TRCD/100/ORDP//NAME/N.M. 
Lotgerink Bruinenberg/ID/97454869/REMI/9055874098 702085658865716
3 MD xui-80762928/PURP//CD/EPAY/ISDT/2025-11-05
:61:251105C000000000075,00N100EREF//OO9T005179286072
NL74RABO0127029923
:86:/EREF/05-11-2025 20:23 7020464503656869/TRCD/100/ORDP//NAME/J. va
n der Zalm eo E. Vasquez/REMI/9055881161 7020464503656869 PZ xui-
57454535/PURP//CD/EPAY/ISDT/2025-11-05
:61:251105C000000000355,60N100EREF//OO9T005179297133
NL76RABO0332468224
:86:/EREF/05-11-2025 20:26 7020586585626293/TRCD/100/ORDP//NAME/J.P. 
Happel eo L. van Hoeij/REMI/9055891004 7020586585626293 TH xui-56
973298/PURP//CD/EPAY/ISDT/2025-11-05
:61:251105C000000000111,80N541EREF//OO9T005179301900
NL66RABO0136366511
:86:/EREF/OO9B005179301900/PREF/OO9B005179301900/TRCD/541/ORDP//NAME/
S.M.H. Hommeles/REMI/4367529/ISDT/2025-11-05
:61:251105C000000000375,11N100EREF//OO9T005179316297
NL20RABO0149902816
:86:/EREF/05-11-2025 20:31 7020545991477898/TRCD/100/ORDP//NAME/C. Ja
cobs/REMI/9055895144 7020545991477898 PZ xui-45862264/PURP//CD/EP
AY/ISDT/2025-11-05
:61:251105C000000000592,15N100EREF//OO9T005179318812
NL84RABO0344809099
:86:/EREF/05-11-2025 20:32 7020136900447670/TRCD/100/ORDP//NAME/G. Be
ijer eo I.K.A. Beijer-Bol Raap/REMI/9055900799 7020136900447670 A
G xui-45154789/PURP//CD/EPAY/ISDT/2025-11-05
:61:251105C000000000760,00N541EREF//OO9T005179328264
NL15RABO0301506728
:86:/EREF/OO9B005179328264/PREF/OO9B005179328264/TRCD/541/ORDP//NAME/
M.T. van As eo A.A. van As-Korevaar/REMI/Huisje huur resnr 958275
7/ISDT/2025-11-05
:61:251105C000000000473,48N100EREF//OO9T005179334354
NL08RABO0114423342
:86:/EREF/05-11-2025 20:36 7020855691477952/TRCD/100/ORDP//NAME/S.M.J
. Abels/REMI/9055911340 7020855691477952 HE xui-22465300/PURP//CD
/EPAY/ISDT/2025-11-05
:61:251105C000000000035,00N100EREF//OO9T005179330922
NL77RABO0128734353
:86:/EREF/05-11-2025 20:35 7020436900687067/TRCD/100/ORDP//NAME/H.L. 
Raaimakers/REMI/9055906338 7020436900687067 EP xui-11065933/PURP/
/CD/EPAY/ISDT/2025-11-05
:61:251105C000000000371,70N100EREF//OO9T005179330654
NL50RABO0317969617
:86:/EREF/05-11-2025 20:35 7020206597567265/TRCD/100/ORDP//NAME/J.H.P
. Vos eo M.M.A.J.M. van Loon/REMI/9055907073 7020206597567265 VN 
xui-34746424/PURP//CD/EPAY/ISDT/2025-11-05
:61:251105C000000000273,48N100EREF//OO9T005179336821
NL24RABO0309848857
:86:/EREF/05-11-2025 20:37 7020296606597085/TRCD/100/ORDP//NAME/I.B.S
.M. van Bruchem-Loonen eo P.A. van Bruchem/REMI/9055906947 702029
6606597085 HE xui-18734339/PURP//CD/EPAY/ISDT/2025-11-05
:61:251105C000000000736,66N100EREF//OO9T005179331498
NL90RABO0322370078
:86:/EREF/05-11-2025 20:36 7020085985415687/TRCD/100/ORDP//NAME/M.H. 
Douma/REMI/9055906354 7020085985415687 NO xui-58146038/PURP//CD/E
PAY/ISDT/2025-11-05
:61:251105C000000000432,55N100EREF//OO9T005179333299
NL56RABO0155214470
:86:/EREF/05-11-2025 20:36 7020185100537331/TRCD/100/ORDP//NAME/M.M.W
. van der Velden/REMI/9055905227 7020185100537331 HB xui-89009667
/PURP//CD/EPAY/ISDT/2025-11-05
:61:251105C000000000473,48N100EREF//OO9T005179347030
NL08RABO0114423342
:86:/EREF/05-11-2025 20:40 7020324497417205/TRCD/100/ORDP//NAME/S.M.J
. Abels/REMI/9055912563 7020324497417205 HE xui-22465300/PURP//CD
/EPAY/ISDT/2025-11-05
:61:251105C000000001166,78N541EREF//OO9T005179349663
NL66RABO0146315413
:86:/EREF/OO9B005179349663/PREF/OO9B005179349663/TRCD/541/ORDP//NAME/
T.M.A. Manders e.o. M.J.P. Manders-Janssen/REMI/Reserveringsnr 45
49826/ISDT/2025-11-05
:61:251105C000000000254,00N541NONREF//PEIP-20251105114
NL08INGB0006144147
:86:/TRCD/541/ORDP//NAME/Hr MJ van Cleef/REMI/reservingsnummer 129442
0 mj van cleef zutphen/ISDT/2025-11-05
:61:251105C000000002791,35N100EREF//OO9T005179350442
NL43RABO0131697927
:86:/EREF/05-11-2025 20:41 7020954788627439/TRCD/100/ORDP//NAME/M.J.A
.C. Janssen-Bouwmeester/REMI/9055916187 7020954788627439 HB xui-7
0685268/PURP//CD/EPAY/ISDT/2025-11-05
:61:251105C000000000341,16N100EREF//OO9T005179352479
NL70RABO0128298561
:86:/EREF/05-11-2025 20:42 7020975409537496/TRCD/100/ORDP//NAME/P.J.C
. Dircken eo T.A.C. de Kort/REMI/9055913966 7020975409537496 BT x
ui-42584733/PURP//CD/EPAY/ISDT/2025-11-05
:61:251105C000000000008,70N541NONREF//PEIP-20251105114
NL46INGB0004046711
:86:/TRCD/541/ORDP//NAME/Hr GH van Dijk/REMI/res. nr.  8180849/ISDT/2
025-11-05
:61:251105C000000000566,10N100EREF//OO9T005179361917
NL37RABO0198811365
:86:/EREF/05-11-2025 20:44 7020675388417136/TRCD/100/ORDP//NAME/J.J.M
. Rommens eo D.I. Rommen/REMI/9055919894 7020675388417136 MD xui-
64691533/PURP//CD/EPAY/ISDT/2025-11-05
:61:251105C000000000625,35N100EREF//OO9T005179357752
NL20RABO0147913152
:86:/EREF/05-11-2025 20:43 7020804209417412/TRCD/100/ORDP//NAME/R.L.A
. Roefs/REMI/9055921793 7020804209417412 HB xui-45071239/PURP//CD
/EPAY/ISDT/2025-11-05
:61:251105C000000000473,48N100EREF//OO9T005179366501
NL08RABO0114423342
:86:/EREF/05-11-2025 20:45 7020955697626359/TRCD/100/ORDP//NAME/S.M.J
. Abels/REMI/9055924895 7020955697626359 HE xui-22465300/PURP//CD
/EPAY/ISDT/2025-11-05
:61:251105C000000002791,50N100EREF//OO9T005179368566
NL20RABO0160687276
:86:/EREF/05-11-2025 20:46 7020275088506065/TRCD/100/ORDP//NAME/S. Ve
rmeulen/REMI/9055922426 7020275088506065 HH xui-88702966/PURP//CD
/EPAY/ISDT/2025-11-05
:61:251105C000000000697,00N100EREF//OO9T005179383128
NL76RABO0360436137
:86:/EREF/05-11-2025 20:50 7020795706566350/TRCD/100/ORDP//NAME/E.G.M
. Sliepen eo S.M. ten Haaf/REMI/9055937380 7020795706566350 TH xu
i-55661117/PURP//CD/EPAY/ISDT/2025-11-05
:61:251105C000000000581,20N100EREF//OO9T005179380390
NL24RABO0160856663
:86:/EREF/05-11-2025 20:49 7020505406566710/TRCD/100/ORDP//NAME/J.G. 
Sluiter/REMI/9055934485 7020505406566710 HB xui-70770934/PURP//CD
/EPAY/ISDT/2025-11-05
:61:251105C000000000286,60N100EREF//OO9T005179397754
NL85RABO0394416724
:86:/EREF/05-11-2025 20:54 7020865103685378/TRCD/100/ORDP//NAME/C.J. 
Weerdenburg eo R.W.F. Weerdenburg-Paassen/REMI/9055941924 7020865
103685378 HB xui-42840679/PURP//CD/EPAY/ISDT/2025-11-05
:61:251105C000000000059,00N100EREF//OO9T005179396850
NL84RABO0107268515
:86:/EREF/05-11-2025 20:54 7020684491686272/TRCD/100/ORDP//NAME/W.H.J
.W. Wuijts/REMI/9055945095 7020684491686272 KV xui-56437511/PURP/
/CD/EPAY/ISDT/2025-11-05
:61:251105C000000000459,74N100EREF//OO9T005179402655
NL08RABO0114423342
:86:/EREF/05-11-2025 20:56 7020794206686911/TRCD/100/ORDP//NAME/S.M.J
. Abels/REMI/9055945363 7020794206686911 HE xui-22465300/PURP//CD
/EPAY/ISDT/2025-11-05
:61:251105C000000000149,75N100EREF//OO9T005179401691
NL77RABO0128734353
:86:/EREF/05-11-2025 20:55 7020536291657829/TRCD/100/ORDP//NAME/H.L. 
Raaimakers/REMI/9055945330 7020536291657829 EP xui-11065933/PURP/
/CD/EPAY/ISDT/2025-11-05
:61:251105C000000000015,00N100EREF//OO9T005179411526
NL60RABO0376741155
:86:/EREF/05-11-2025 20:58 7020836006476542/TRCD/100/ORDP//NAME/D. Ah
lers/REMI/9055950847 7020836006476542 HH xui-47779751/PURP//CD/EP
AY/ISDT/2025-11-05
:61:251105C000000000665,40N541EREF//OO9T005179444246
NL15RABO0136502938
:86:/EREF/OO9B005179444246/PREF/OO9B005179444246/TRCD/541/ORDP//NAME/
T.J. Vastre/REMI/Reserveringsnummer 8384638/ISDT/2025-11-05
:61:251105C000000000262,10N100EREF//OO9T005179437355
NL96RABO0129402729
:86:/EREF/05-11-2025 21:06 7020925382537163/TRCD/100/ORDP//NAME/J.A. 
Gorree eo J. Gorree-Eekhof/REMI/9055958975 7020925382537163 HH xu
i-26018256/PURP//CD/EPAY/ISDT/2025-11-05
:61:251105C000000000319,80N100EREF//OO9T005179449391
NL43RABO0329702572
:86:/EREF/05-11-2025 21:10 7020555097685189/TRCD/100/ORDP//NAME/T.A. 
Do/REMI/9055972762 7020555097685189 ZV xui-99890676/PURP//CD/EPAY
/ISDT/2025-11-05
:61:251105C000000001660,60N541NONREF//PEIP-20251105114
NL36INGB0004990604
:86:/TRCD/541/ORDP//NAME/Mw Y Welman/REMI/3600229 Welman/ISDT/2025-11
 05
:61:251105C000000000566,12N100EREF//OO9T005179639857
NL14RABO0131832018
:86:/EREF/05-11-2025 22:12 7020586303625993/TRCD/100/ORDP//NAME/D. Te
rtoogen/REMI/9056085583 7020586303625993 EH xui-51001395/PURP//CD
/EPAY/ISDT/2025-11-05
:61:251105C000000000532,48N100EREF//OO9T005179647529
NL42RABO0132721392
:86:/EREF/05-11-2025 22:15 7020425094535162/TRCD/100/ORDP//NAME/M. Kw
akkel/REMI/9056092110 7020425094535162 PZ xui-35648483/PURP//CD/E
PAY/ISDT/2025-11-05
:61:251105C000000000041,50N100EREF//OO9T005179647362
NL96RABO0155638610
:86:/EREF/05-11-2025 22:14 7020365391597697/TRCD/100/ORDP//NAME/A.J.C
.M. Ploeg/REMI/9056094434 7020365391597697 HH xui-10204516/PURP//
CD/EPAY/ISDT/2025-11-05
:61:251105C000000000389,40N100EREF//OO9T005179645337
NL65RABO0121138305
:86:/EREF/05-11-2025 22:14 7020204197535696/TRCD/100/ORDP//NAME/Tycho
 Roeffen/REMI/9056094295 7020204197535696 KV xui-17741844/PURP//C
D/EPAY/ISDT/2025-11-05
:61:251105C000000001001,16N100EREF//OO9T005179652834
NL24RABO0366854593
:86:/EREF/05-11-2025 22:16 7020286582627784/TRCD/100/ORDP//NAME/Innov
ative Structure/REMI/9056098801 7020286582627784 EH xui-37394444/
PURP//CD/EPAY/ISDT/2025-11-05
:61:251105C000000002437,80N100EREF//OO9T005179653977
NL34RABO0135273897
:86:/EREF/05-11-2025 22:17 7020205706597397/TRCD/100/ORDP//NAME/P.G.T
. de Dood/REMI/9056098903 7020205706597397 VN xui-85635248/PURP//
CD/EPAY/ISDT/2025-11-05
:61:251105C000000000310,96N100EREF//OO9T005179662840
NL72RABO0307867641
:86:/EREF/05-11-2025 22:20 7020655109655780/TRCD/100/ORDP//NAME/S. Vo
nk eo M. Vonk-Ferwerda/REMI/9056106303 7020655109655780 EH xui-99
478033/PURP//CD/EPAY/ISDT/2025-11-05
:61:251105C000000000008,70N100EREF//OO9T005179669463
NL54RABO0149252013
:86:/EREF/05-11-2025 22:22 7020416300506623/TRCD/100/ORDP//NAME/D.M.J
. Pepels/REMI/9056107483 7020416300506623 MD xui-75579860/PURP//C
D/EPAY/ISDT/2025-11-05
:61:251105C000000001021,68N100EREF//OO9T005179676487
NL14RABO0167710184
:86:/EREF/05-11-2025 22:25 7020586582655165/TRCD/100/ORDP//NAME/L.A.J
. Gijsbers/REMI/9056113346 7020586582655165 ZV xui-96021797/PURP/
/CD/EPAY/ISDT/2025-11-05
:61:251105C000000000250,00N541NONREF//PEIP-20251105115
NL88INGB0009014586
:86:/TRCD/541/ORDP//NAME/Mw FN van der Heijden/REMI/reserveringsnumme
r 5213246/ISDT/2025-11-05
:61:251105C000000000341,61N100EREF//OO9T005179687759
NL82RABO0345594835
:86:/EREF/05-11-2025 22:29 7020574803597010/TRCD/100/ORDP//NAME/J. de
 Bruin eo L. Metselaar/REMI/9056120676 7020574803597010 HE xui-87
981074/PURP//CD/EPAY/ISDT/2025-11-05
:61:251105C000000000007,00N100EREF//OO9T005179686744
NL06RABO0370771680
:86:/EREF/05-11-2025 22:29 7020185097627034/TRCD/100/ORDP//NAME/N. Kl
aver eo N. Schippers/REMI/9056120659 7020185097627034 KV xui-2569
2950/PURP//CD/EPAY/ISDT/2025-11-05
:61:251105C000000000548,80N100EREF//OO9T005179694899
NL41RABO0311753825
:86:/EREF/05-11-2025 22:32 7020194191685027/TRCD/100/ORDP//NAME/A.L.A
. Captein/REMI/9056121036 7020194191685027 EP xui-67494670/PURP//
CD/EPAY/ISDT/2025-11-05
:61:251105C000000003730,70N100EREF//OO9T005179702815
NL30RABO0107941406
:86:/EREF/05-11-2025 22:35 7020975109686398/TRCD/100/ORDP//NAME/J. Eg
berts eo M. Egberts-van Dalfsen/REMI/9056128690 7020975109686398 
LH xui-56745868/PURP//CD/EPAY/ISDT/2025-11-05
:61:251105C000000000494,73N100EREF//OO9T005179705012
NL80RABO0309623294
:86:/EREF/05-11-2025 22:36 7020184797447097/TRCD/100/ORDP//NAME/S. De
kker/REMI/9056128868 7020184797447097 SL xui-71775998/PURP//CD/EP
AY/ISDT/2025-11-05
:61:251105C000000000452,74N100EREF//OO9T005179733617
NL86RABO0135375975
:86:/EREF/05-11-2025 22:48 7020955682686419/TRCD/100/ORDP//NAME/B.C. 
Hoogendoorn/REMI/9056152983 7020955682686419 BS xui-66257905/PURP
//CD/EPAY/ISDT/2025-11-05
:61:251105C000000000150,00N541EREF//OO9T005179737215
NL66RABO0110235002
:86:/EREF/OO9B005179737215/PREF/OO9B005179737215/TRCD/541/ORDP//NAME/
B. Bruinsma eo A.R. Bruinsma-Mulder/REMI/Reserveringsnummer 21583
22/ISDT/2025-11-05
:61:251105C000000001264,62N100EREF//OO9T005179743972
NL26RABO0300207603
:86:/EREF/05-11-2025 22:53 7020735994446503/TRCD/100/ORDP//NAME/M.W. 
Westendorp/REMI/9056157643 7020735994446503 BS xui-85172714/PURP/
/CD/EPAY/ISDT/2025-11-05
:61:251105C000000000418,80N100EREF//OO9T005179754769
NL67RABO0137315929
:86:/EREF/05-11-2025 22:58 7020524491627391/TRCD/100/ORDP//NAME/J.W. 
Hoogeboom/REMI/9056163845 7020524491627391 HB xui-74073218/PURP//
CD/EPAY/ISDT/2025-11-05
:61:251105C000000001241,20N100EREF//OO9T005179791355
NL60RABO0156140942
:86:/EREF/05-11-2025 23:17 7020196300687169/TRCD/100/ORDP//NAME/J.J.L
.A. Maas-van Amelsfort/REMI/9056196902 7020196300687169 EP xui-22
286067/PURP//CD/EPAY/ISDT/2025-11-05
:61:251105C000000001079,00N100EREF//OO9T005179796870
NL38RABO0120417596
:86:/EREF/05-11-2025 23:20 7020435388506881/TRCD/100/ORDP//NAME/S. Wi
jnen eo L.G.J.F. Goossens/REMI/9056200304 7020435388506881 HB xui
 99827149/PURP//CD/EPAY/ISDT/2025-11-05
:61:251105C000000000954,06N100EREF//OO9T005179833729
NL41RABO0305254049
:86:/EREF/05-11-2025 23:46 7020804809657358/TRCD/100/ORDP//NAME/C.C. 
van der Gaast/REMI/9056230680 7020804809657358 SL xui-81144439/PU
RP//CD/EPAY/ISDT/2025-11-05
:61:251105C000000000318,60N100EREF//OO9T005179833881
NL39RABO0113790538
:86:/EREF/05-11-2025 23:47 7020354803597976/TRCD/100/ORDP//NAME/R. Gr
eefhorst/REMI/9056226204 7020354803597976 EP xui-92560435/PURP//C
D/EPAY/ISDT/2025-11-05
:61:251105C000000000388,77N541NONREF//PEIP-20251105115
NL96ABNA0458072990
:86:/TRCD/541/ORDP//NAME/F W J DE MEY/REMI/Reserveringsnummer 5125432
/ISDT/2025-11-05
:62F:C251105EUR000000067869,59
:64:C251105EUR000000067869,59
:65:C251106EUR000000067869,59
:65:C251107EUR000000067869,59
:65:C251108EUR000000067869,59
:65:C251109EUR000000067869,59
