:940:
:20:940S251107
:25:NL48RABO0300002343 EUR
:28C:25311
:60F:C251106EUR000000081758,66
:61:251107C000000001515,64N541EREF//OO9T005183119971
NL38RABO0142315249
:86:/EREF/OO9B005183119971/PREF/OO9B005183119971/TRCD/541/ORDP//NAME/
H.J. Hendriks eo N.P. Hendriks-Goudriaan/REMI/9169477/ISDT/2025-1
1-07
:61:251107C000000000816,40N541EREF//OO9T005173705011
NL25RABO0389330930
:86:/EREF/OO9B005173705011/PREF/OO9B005173705011/TRCD/541/ORDP//NAME/
A.J.A. de Looff eo A.C. de Looff-de Zeeuw/REMI/Eerste betaling re
s.nr. 8075668/ISDT/2025-11-07
:61:251107C000000000385,40N541EREF//OO9T005178242688
NL27RABO0359133339
:86:/EREF/OO9B005178242688/PREF/OO9B005178242688/TRCD/541/ORDP//NAME/
Jansen Blokhuizen/REMI/Factuur 2025.1275224/003/ISDT/2025-11-07
:61:251107C000000000712,28N541EREF//OO9T005180377005
NL92RABO0305055542
:86:/EREF/OO9B005180377005/PREF/OO9B005180377005/TRCD/541/ORDP//NAME/
M. de Vries-Witteveen/REMI/RESERVERINGSNR. 522231902/ISDT/2025-11
 07
:61:251107C000000000891,20N541NONREF//PEIP-20251107117
BE80890514075577
:86:/TRCD/541/ORDP//NAME/Hermie J. - Bekaert T./REMI/7140622/ISDT/202
5-11-07
:61:251107C000000000485,56N541NONREF//PEIP-20251107117
NL51INGB0008432767
:86:/TRCD/541/ORDP//NAME/Mw MAC van Merode/REMI/reserveringsnummer 14
32956/ISDT/2025-11-07
:61:251107C000000001044,32N541NONREF//PEIP-20251107117
NL15INGB0007367385
:86:/TRCD/541/ORDP//NAME/Mw M van den Burg/REMI/Reserveringsnummer 20
81728/ISDT/2025-11-07
:61:251107C000000002915,70N100EREF//OO9T005183403782
NL11RABO0181049872
:86:/EREF/07-11-2025 07:03 7020565394681691/TRCD/100/ORDP//NAME/A.M.P
. Poels/REMI/9058951895 7020565394681691 MD xui-10220916/PURP//CD
/EPAY/ISDT/2025-11-07
:61:251107C000000000684,92N100EREF//OO9T005183408661
NL30RABO0323016790
:86:/EREF/07-11-2025 07:07 7020485685621454/TRCD/100/ORDP//NAME/A. Ve
rkerk eo J.J. Verkerk-Kroesbeek/REMI/9058956474 7020485685621454 
EH xui-86681448/PURP//CD/EPAY/ISDT/2025-11-07
:61:251107C000000000250,00N541EREF//OO9T005183417284
NL97RABO0316190373
:86:/EREF/OO9B005183417284/PREF/OO9B005183417284/TRCD/541/ORDP//NAME/
C. Houwaard/REMI/Reservering 5685038 parc sandur aanbetaling huis
je 190/ISDT/2025-11-07
:61:251107C000000001927,93N100EREF//OO9T005183432508
NL71RABO0189778695
:86:/EREF/07-11-2025 07:28 7020605385591157/TRCD/100/ORDP//NAME/1403 
B.V./REMI/9058981554 7020605385591157 EH xui-60817565/PURP//CD/EP
AY/ISDT/2025-11-07
:61:251107C000000000040,50N100EREF//OO9T005183432859
NL50RABO0302055797
:86:/EREF/07-11-2025 07:28 7020356294471829/TRCD/100/ORDP//NAME/B.de 
Vries/REMI/9058983014 7020356294471829 HB xui-10243240/PURP//CD/E
PAY/ISDT/2025-11-07
:61:251107C000000001104,48N100EREF//OO9T005183447860
NL37RABO0392377969
:86:/EREF/07-11-2025 07:39 7020225388441925/TRCD/100/ORDP//NAME/A.R B
osman eo CM Bosman-van den Wollenberg/REMI/9058995753 70202253884
41925 HB xui-71517596/PURP//CD/EPAY/ISDT/2025-11-07
:61:251107C000000000012,50N100EREF//OO9T005183462468
NL06RABO0143860356
:86:/EREF/07-11-2025 07:48 7020205691651100/TRCD/100/ORDP//NAME/A.G.J
. Broekhuizen eo J. Evers/REMI/9059008782 7020205691651100 KV xui
 89268755/PURP//CD/EPAY/ISDT/2025-11-07
:61:251107C000000000250,00N541NONREF//PEIP-20251107117
NL25INGB0003198824
:86:/TRCD/541/ORDP//NAME/Mw JEAWG Pijnenburg/REMI/reserveringsnummer:
 3015939/ISDT/2025-11-07
:61:251107C000000000171,80N100EREF//OO9T005183480250
NL45RABO0328898988
:86:/EREF/07-11-2025 07:58 7020346288590056/TRCD/100/ORDP//NAME/H. Ca
rion eo/REMI/9059023264 7020346288590056 PZ xui-35950104/PURP//CD
/EPAY/ISDT/2025-11-07
:61:251107C000000000481,32N541EREF//OO9T005167460105
NL31RABO0155073591
:86:/EREF/OO9B005167460105/PREF/OO9B005167460105/TRCD/541/ORDP//NAME/
F.H.G. de Groot eo J.B. de Groot-de Koning/REMI/Reserveringsno. 6
757123/ISDT/2025-11-07
:61:251107C000000000030,00N100EREF//OO9T005183507126
NL45RABO0328898988
:86:/EREF/07-11-2025 08:12 7020016306411298/TRCD/100/ORDP//NAME/H. Ca
rion eo/REMI/9059047006 7020016306411298 PZ xui-35950104/PURP//CD
/EPAY/ISDT/2025-11-07
:61:251107C000000000009,00N100EREF//OO9T005183512265
NL45RABO0328898988
:86:/EREF/07-11-2025 08:15 7020336009681619/TRCD/100/ORDP//NAME/H. Ca
rion eo/ID/65615255/REMI/9059045410 7020336009681619 PZ xui-35950
104/PURP//CD/EPAY/ISDT/2025-11-07
:61:251107C000000000424,08N100EREF//OO9T005183507947
NL38RABO0328754293
:86:/EREF/07-11-2025 08:13 7020374185501616/TRCD/100/ORDP//NAME/I.C. 
Tillema/REMI/9059047044 7020374185501616 EH xui-32039629/PURP//CD
/EPAY/ISDT/2025-11-07
:61:251107C000000001185,97N541EREF//OO9T005183525141
NL50RABO0389333875
:86:/EREF/OO9B005183525141/PREF/OO9B005183525141/TRCD/541/ORDP//NAME/
G. Zomer eo H.M. Zomer-Uringa/REMI/aanbetaling voor Reserveringsn
ummer 249769/ISDT/2025-11-07
:61:251107C000000001584,00N100EREF//43246404824
NL59ABNA0848077482
:86:/EREF/06-11-2025 20:49 7020855094653230/TRCD/100/ORDP//NAME/HEER 
M R DE CJ/REMI/9058374264 7020855094653230 ZV/PURP//CD/EPAY/ISDT/
2025-11-07
:61:251107C000000000787,80N100EREF//43246405069
NL48ABNA0121140377
:86:/EREF/06-11-2025 20:37 7020925694504214/TRCD/100/ORDP//NAME/K T H
YATT/REMI/9058357896 7020925694504214 EH/PURP//CD/EPAY/ISDT/2025-
11-07
:61:251107C000000000078,00N100EREF//43246405330
NL49ABNA0544129326
:86:/EREF/06-11-2025 18:22 7020206006502585/TRCD/100/ORDP//NAME/RICKY
 DIDDEN/REMI/9058071681 7020206006502585 ZV/PURP//CD/EPAY/ISDT/20
25-11-07
:61:251107C000000000257,10N100EREF//43246400176
NL73ABNA0618667962
:86:/EREF/06-11-2025 18:22 7020635691563587/TRCD/100/ORDP//NAME/JB V 
BRUSSEL/REMI/9058070560 7020635691563587 MD/PURP//CD/EPAY/ISDT/20
25-11-07
:61:251107C000000000423,65N100EREF//43246408432
NL37ABNA0614602661
:86:/EREF/06-11-2025 18:04 7020715394684097/TRCD/100/ORDP//NAME/T ROO
DE CJ/REMI/9058026067 7020715394684097 HH/PURP//CD/EPAY/ISDT/2025
 11-07
:61:251107C000000000215,68N100EREF//43246442030
NL94ABNA0643569715
:86:/EREF/06-11-2025 16:39 7020144809593293/TRCD/100/ORDP//NAME/SOMER
S K A M/REMI/9057830081 7020144809593293 OD/PURP//CD/EPAY/ISDT/20
25-11-07
:61:251107C000000000427,32N100EREF//43246386400
NL60SNSB0320185699
:86:/EREF/2025-11-06T14:29 7020526588684790/TRCD/100/ORDP//NAME/S. Di
ngemans e/o E.J. Hakkenberg/REMI/9057523901 7020526588684790 EH/P
URP//CD/EPAY/ISDT/2025-11-07
:61:251107C000000000030,00N100EREF//43246388499
NL54ABNA0514564024
:86:/EREF/06-11-2025 18:47 7020205388622966/TRCD/100/ORDP//NAME/HM DE
SSENS/REMI/9058124517 7020205388622966 PZ/PURP//CD/EPAY/ISDT/2025
 11-07
:61:251107C000000000834,75N100EREF//43246424158
NL18ABNA0604717539
:86:/EREF/06-11-2025 16:42 7020055997594145/TRCD/100/ORDP//NAME/S SOI
JER CJ/REMI/9057839174 7020055997594145 VN/PURP//CD/EPAY/ISDT/202
5-11-07
:61:251107C000000000509,90N100EREF//43246424702
NL86INGB0005682090
:86:/EREF/06-11-2025 20:04 7020415685682381/TRCD/100/ORDP//NAME/Hr DJ
 Eleveld/REMI/9058292073 7020415685682381 HB/PURP//CD/EPAY/ISDT/2
025-11-07
:61:251107C000000000232,80N100EREF//43246389494
NL59ABNA0891382356
:86:/EREF/06-11-2025 20:51 7020856888592906/TRCD/100/ORDP//NAME/D BOE
R CJ/REMI/9058381825 7020856888592906 EP/PURP//CD/EPAY/ISDT/2025-
11-07
:61:251107C000000000231,12N100EREF//43246420442
NL63ABNA0405833652
:86:/EREF/06-11-2025 18:42 7020386882442459/TRCD/100/ORDP//NAME/S VAN
 HOUT/REMI/9058112247 7020386882442459 OD/PURP//CD/EPAY/ISDT/2025
 11-07
:61:251107C000000000215,00N100EREF//43246385351
NL41INGB0004105098
:86:/EREF/06-11-2025 16:26 7020545688413383/TRCD/100/ORDP//NAME/H P v
an der Naald e/o A van der Naald-Groenewoud/REMI/9057806151 70205
45688413383 HH/PURP//CD/EPAY/ISDT/2025-11-07
:61:251107C000000000288,96N100EREF//43246380016
NL57ABNA0519784510
:86:/EREF/06-11-2025 16:01 7020626609503404/TRCD/100/ORDP//NAME/M DE 
BLAAUW CJ/REMI/9057744038 7020626609503404 SL/PURP//CD/EPAY/ISDT/
2025-11-07
:61:251107C000000000919,48N100EREF//43246380231
NL75ABNA0485516705
:86:/EREF/06-11-2025 18:08 7020635997652807/TRCD/100/ORDP//NAME/ED SA
MSOM CJ/REMI/9058037921 7020635997652807 SL/PURP//CD/EPAY/ISDT/20
25-11-07
:61:251107C000000000315,51N100EREF//43246380251
NL38SNSB8838947546
:86:/EREF/2025-11-06T14:32 7020524797652417/TRCD/100/ORDP//NAME/P.J. 
Kempe e/o M. Middel/REMI/9057533056 7020524797652417 AG/PURP//CD/
EPAY/ISDT/2025-11-07
:61:251107C000000000671,60N100EREF//43246440110
NL61ABNA0556898869
:86:/EREF/06-11-2025 19:02 7020576300533854/TRCD/100/ORDP//NAME/STEFA
N KOLLEN/REMI/9058159456 7020576300533854 ZV/PURP//CD/EPAY/ISDT/2
025-11-07
:61:251107C000000000243,00N100EREF//43246359428
NL58ABNA0593695194
:86:/EREF/06-11-2025 20:19 7020654206593314/TRCD/100/ORDP//NAME/ANNE 
MULLER/REMI/9058322582 7020654206593314 PZ/PURP//CD/EPAY/ISDT/202
5-11-07
:61:251107C000000000099,00N100EREF//43246359732
NL80RBRB0783140606
:86:/EREF/2025-11-06T14:02 7020555709534154/TRCD/100/ORDP//NAME/A.M.S
.A. van Santen/REMI/9057457059 7020555709534154 ZV/PURP//CD/EPAY/
ISDT/2025-11-07
:61:251107C000000000028,00N100EREF//43246403809
NL72INGB0006051330
:86:/EREF/06-11-2025 19:49 7020556309592255/TRCD/100/ORDP//NAME/Mw A 
van Eck-Danklof/REMI/9058264457 7020556309592255 PZ/PURP//CD/EPAY
/ISDT/2025-11-07
:61:251107C000000000214,16N100EREF//43246403374
NL18INGB0006115061
:86:/EREF/06-11-2025 18:23 7020984182534964/TRCD/100/ORDP//NAME/Hr MH
 Laan, Mw C Laan-Brands/REMI/9058071586 7020984182534964 PZ/PURP/
/CD/EPAY/ISDT/2025-11-07
:61:251107C000000002107,50N100EREF//43246368553
NL89ABNA0481776036
:86:/EREF/06-11-2025 18:05 7020235100594589/TRCD/100/ORDP//NAME/SFE V
AN HOOIJDONK/REMI/9058032507 7020235100594589 MD/PURP//CD/EPAY/IS
DT/2025-11-07
:61:251107C000000000028,50N100EREF//43246431550
NL75ABNA0144452871
:86:/EREF/06-11-2025 19:19 7020145688413989/TRCD/100/ORDP//NAME/VOGEL
ZANG S/REMI/9058197815 7020145688413989 HH/PURP//CD/EPAY/ISDT/202
5-11-07
:61:251107C000000000634,60N100EREF//43246431599
NL85ABNA0553963120
:86:/EREF/06-11-2025 19:13 7020146303654613/TRCD/100/ORDP//NAME/B OUB
ORG CJ/REMI/9058178142 7020146303654613 AR/PURP//CD/EPAY/ISDT/202
5-11-07
:61:251107C000000000289,40N100EREF//43246431828
NL82ABNA0100350240
:86:/EREF/06-11-2025 19:05 7020315982592594/TRCD/100/ORDP//NAME/L GRO
OTEN/REMI/9058166165 7020315982592594 KV/PURP//CD/EPAY/ISDT/2025-
11-07
:61:251107C000000001866,10N100EREF//43246432384
NL15ABNA0570832292
:86:/EREF/06-11-2025 19:16 7020896291532162/TRCD/100/ORDP//NAME/GW KL
EINHERENBRINK CJ/REMI/9058190985 7020896291532162 VM/PURP//CD/EPA
Y/ISDT/2025-11-07
:61:251107C000000000504,40N100EREF//43246430548
NL61INGB0702227900
:86:/EREF/06-11-2025 19:44 7020404791442330/TRCD/100/ORDP//NAME/Hr M 
Tuinenburg, Mw N Versijde/REMI/9058251981 7020404791442330 MD/PUR
P//CD/EPAY/ISDT/2025-11-07
:61:251107C000000000941,00N100EREF//43246394850
NL60ABNA0443719772
:86:/EREF/06-11-2025 20:05 7020166288533410/TRCD/100/ORDP//NAME/JW VA
N DER BLOM/REMI/9058293573 7020166288533410 VM/PURP//CD/EPAY/ISDT
/2025-11-07
:61:251107C000000000235,20N100EREF//43246432904
NL11ABNA0872012999
:86:/EREF/06-11-2025 19:15 7020286300474916/TRCD/100/ORDP//NAME/MJ BO
THMER/REMI/9058188011 7020286300474916 MD/PURP//CD/EPAY/ISDT/2025
 11-07
:61:251107C000000001540,24N100EREF//43246436214
NL62ABNA0556356330
:86:/EREF/06-11-2025 19:48 7020344191444031/TRCD/100/ORDP//NAME/TOJ P
EACOCK/REMI/9058259913 7020344191444031 EH/PURP//CD/EPAY/ISDT/202
5-11-07
:61:251107C000000000165,00N100EREF//43246436450
NL27ABNA0581706358
:86:/EREF/06-11-2025 19:50 7020356900682405/TRCD/100/ORDP//NAME/LAGEV
EEN A/REMI/9058265157 7020356900682405 KV/PURP//CD/EPAY/ISDT/2025
 11-07
:61:251107C000000000323,10N100EREF//43246436368
NL78ABNA0554549514
:86:/EREF/06-11-2025 20:01 7020665082472615/TRCD/100/ORDP//NAME/B YAN
IKOGLU/REMI/9058286762 7020665082472615 MD/PURP//CD/EPAY/ISDT/202
5-11-07
:61:251107C000000000430,10N100EREF//OO9T005183529875
NL67RABO0302859330
:86:/EREF/07-11-2025 08:24 7020745991411544/TRCD/100/ORDP//NAME/T.D. 
Moes/REMI/9059061667 7020745991411544 HH xui-21564051/PURP//CD/EP
AY/ISDT/2025-11-07
:61:251107C000000001114,98N100EREF//43246436791
NL38ABNA0577045407
:86:/EREF/06-11-2025 19:27 7020834782563488/TRCD/100/ORDP//NAME/STIJN
 VAN DEN BRAND/REMI/9058209463 7020834782563488 EH/PURP//CD/EPAY/
ISDT/2025-11-07
:61:251107C000000000325,88N100EREF//43246437445
NL95ABNA0428007082
:86:/EREF/06-11-2025 18:07 7020096894412669/TRCD/100/ORDP//NAME/T VAN
 DEN BERG CJ/REMI/9058037754 7020096894412669 VN/PURP//CD/EPAY/IS
DT/2025-11-07
:61:251107C000000000369,40N100EREF//43246410087
NL90INGB0795401116
:86:/EREF/06-11-2025 21:46 7020296000562522/TRCD/100/ORDP//NAME/Mw SG
 Nkomo/REMI/9058492368 7020296000562522 HH/PURP//CD/EPAY/ISDT/202
5-11-07
:61:251107C000000001012,40N100EREF//43246410085
NL85INGB0005096907
:86:/EREF/06-11-2025 21:46 7020375388563857/TRCD/100/ORDP//NAME/L Tim
merman-Willigenburg, Hr MP Timmerman/REMI/9058492445 702037538856
3857 HB/PURP//CD/EPAY/ISDT/2025-11-07
:61:251107C000000000048,00N100EREF//43246410078
NL85INGB0006267794
:86:/EREF/06-11-2025 21:47 7020495985593917/TRCD/100/ORDP//NAME/Mw M 
van Harsselaar/REMI/9058490007 7020495985593917 EH/PURP//CD/EPAY/
ISDT/2025-11-07
:61:251107C000000000029,50N100EREF//43246411850
NL34INGB0110011376
:86:/EREF/06-11-2025 20:49 7020976609563107/TRCD/100/ORDP//NAME/Hr JP
 Quist,Hr N van der Zeeuw/REMI/9058377952 7020976609563107 KV/PUR
P//CD/EPAY/ISDT/2025-11-07
:61:251107C000000000493,80N100EREF//43246411415
NL63INGB0008825110
:86:/EREF/06-11-2025 22:33 7020015982622684/TRCD/100/ORDP//NAME/Mw TF
 de Jong/REMI/9058569582 7020015982622684 HB/PURP//CD/EPAY/ISDT/2
025-11-07
:61:251107C000000000526,20N100EREF//43246412200
NL85INGB0006356840
:86:/EREF/06-11-2025 20:52 7020236285654685/TRCD/100/ORDP//NAME/Mw W 
G S van Leeuwe/REMI/9058382927 7020236285654685 HB/PURP//CD/EPAY/
ISDT/2025-11-07
:61:251107C000000000505,20N100EREF//43246411559
NL84INGB0008970232
:86:/EREF/06-11-2025 21:43 7020384500413578/TRCD/100/ORDP//NAME/Mw L 
van den Ende/REMI/9058486153 7020384500413578 MD/PURP//CD/EPAY/IS
DT/2025-11-07
:61:251107C000000000542,65N100EREF//43246414762
NL48INGB0685261476
:86:/EREF/06-11-2025 21:25 7020884200414775/TRCD/100/ORDP//NAME/Hr PL
 van der Werf, Mw CV Doedens/REMI/9058452016 7020884200414775 HH/
PURP//CD/EPAY/ISDT/2025-11-07
:61:251107C000000000346,36N100EREF//43246416513
NL92INGB0750835303
:86:/EREF/06-11-2025 23:17 7020266900624838/TRCD/100/ORDP//NAME/Mw D 
Basli/REMI/9058630639 7020266900624838 EH/PURP//CD/EPAY/ISDT/2025
 11-07
:61:251107C000000000376,40N100EREF//43246450413
NL98INGB0109108027
:86:/EREF/06-11-2025 22:03 7020325385682261/TRCD/100/ORDP//NAME/Mw S 
Hoogenboom,Hr TR Roggen/REMI/9058523384 7020325385682261 KV/PURP/
/CD/EPAY/ISDT/2025-11-07
:61:251107C000000000002,50N100EREF//43246452266
NL31INGB0008703369
:86:/EREF/06-11-2025 22:46 7020134485653155/TRCD/100/ORDP//NAME/Mw CC
M van Zundert/REMI/9058588085 7020134485653155 HB/PURP//CD/EPAY/I
SDT/2025-11-07
:61:251107C000000001301,45N100EREF//43246451791
NL82INGB0657038520
:86:/EREF/06-11-2025 20:33 7020294485472717/TRCD/100/ORDP//NAME/Hr H 
Stienstra/REMI/9058347881 7020294485472717 SR/PURP//CD/EPAY/ISDT/
2025-11-07
:61:251107C000000000181,30N100EREF//43246455528
NL20INGB0004563122
:86:/EREF/06-11-2025 19:43 7020215691564586/TRCD/100/ORDP//NAME/Hr M 
Seepers/REMI/9058247036 7020215691564586 AR/PURP//CD/EPAY/ISDT/20
25-11-07
:61:251107C000000000495,16N100EREF//43246457656
NL76INGB0004470934
:86:/EREF/06-11-2025 19:36 7020205406533119/TRCD/100/ORDP//NAME/Mw I 
Prins-Lans en/of Hr W M M de Prins/REMI/9058230616 70202054065331
19 EH/PURP//CD/EPAY/ISDT/2025-11-07
:61:251107C000000000379,16N100EREF//43246459339
NL17INGB0700721118
:86:/EREF/06-11-2025 18:47 7020894494683821/TRCD/100/ORDP//NAME/Mw DJ
 van Baden/REMI/9058121655 7020894494683821 EH/PURP//CD/EPAY/ISDT
/2025-11-07
:61:251107C000000000020,00N100EREF//43246459479
NL68INGB0008724237
:86:/EREF/06-11-2025 20:14 7020764791532507/TRCD/100/ORDP//NAME/Hr E 
Kirkenir/REMI/9058314593 7020764791532507 VM/PURP//CD/EPAY/ISDT/2
025-11-07
:61:251107C000000000439,22N100EREF//43246484039
NL15INGB0005915392
:86:/EREF/06-11-2025 17:00 7020406306653698/TRCD/100/ORDP//NAME/Mw M 
J J Bressers-Bloemendaal/REMI/9057879994 7020406306653698 PZ/PURP
//CD/EPAY/ISDT/2025-11-07
:61:251107C000000000262,96N100EREF//43246482206
NL42INGB0799195553
:86:/EREF/06-11-2025 16:37 7020395691474652/TRCD/100/ORDP//NAME/Mw S 
Harmans/REMI/9057830748 7020395691474652 AR/PURP//CD/EPAY/ISDT/20
25-11-07
:61:251107C000000000475,86N100EREF//43246487399
NL64INGB0636620344
:86:/EREF/06-11-2025 21:53 7020686882532732/TRCD/100/ORDP//NAME/Mw A 
Unver Guzel,Hr YE Guzel/REMI/9058504562 7020686882532732 VM/PURP/
/CD/EPAY/ISDT/2025-11-07
:61:251107C000000000717,20N100EREF//43246485959
NL26INGB0005508279
:86:/EREF/06-11-2025 17:34 7020776897562945/TRCD/100/ORDP//NAME/Mw JA
 Meerman/REMI/9057964711 7020776897562945 HH/PURP//CD/EPAY/ISDT/2
025-11-07
:61:251107C000000000562,35N100EREF//43246488542
NL61ABNA0564899720
:86:/EREF/06-11-2025 22:57 7020886009593011/TRCD/100/ORDP//NAME/M WIE
RSMA CJ/REMI/9058605001 7020886009593011 PZ/PURP//CD/EPAY/ISDT/20
25-11-07
:61:251107C000000000060,00N100EREF//43246482590
NL23INGB0001866565
:86:/EREF/06-11-2025 16:14 7020006900595000/TRCD/100/ORDP//NAME/Mw LJ
S Hartjes/REMI/9057779506 7020006900595000 LH/PURP//CD/EPAY/ISDT/
2025-11-07
:61:251107C000000000014,00N100EREF//43246510229
NL40ABNA0140493573
:86:/EREF/06-11-2025 22:09 7020194782532015/TRCD/100/ORDP//NAME/M W C
 DE BRESSER/REMI/9058533201 7020194782532015 LH/PURP//CD/EPAY/ISD
T/2025-11-07
:61:251107C000000000583,60N100EREF//43246513233
NL21ABNA0625527089
:86:/EREF/06-11-2025 21:01 7020005985623494/TRCD/100/ORDP//NAME/CPH S
CHUURBIERS CJ/REMI/9058401678 7020005985623494 EP/PURP//CD/EPAY/I
SDT/2025-11-07
:61:251107C000000002221,00N100EREF//43246512558
NL63ABNA0837445531
:86:/EREF/06-11-2025 21:55 7020944509652360/TRCD/100/ORDP//NAME/N KLA
ASSEN/REMI/9058509332 7020944509652360 HB/PURP//CD/EPAY/ISDT/2025
 11-07
:61:251107C000000000595,20N100EREF//43246570485
NL63ABNA0146411226
:86:/EREF/06-11-2025 17:14 7020464809563569/TRCD/100/ORDP//NAME/B E S
NEL/REMI/9057911493 7020464809563569 HB/PURP//CD/EPAY/ISDT/2025-1
1-07
:61:251107C000000000537,20N100EREF//43246600274
NL94INGB0673330230
:86:/EREF/06-11-2025 17:16 7020026900442666/TRCD/100/ORDP//NAME/Hr G 
Koole/REMI/9057922095 7020026900442666 HH/PURP//CD/EPAY/ISDT/2025
 11-07
:61:251107C000000000491,80N100EREF//43246600002
NL95INGB0005277438
:86:/EREF/06-11-2025 16:47 7020255409472486/TRCD/100/ORDP//NAME/Mw M 
Raven-van der Velde/REMI/9057844781 7020255409472486 HH/PURP//CD/
EPAY/ISDT/2025-11-07
:61:251107C000000000282,24N100EREF//43246579216
NL63INGB0705053474
:86:/EREF/06-11-2025 16:11 7020736291532834/TRCD/100/ORDP//NAME/Hr N 
te Pas,Mw S Hulsker/REMI/9057770307 7020736291532834 MD/PURP//CD/
EPAY/ISDT/2025-11-07
:61:251107C000000000035,00N593EREF//43246258164
FR3620041010051915974A02636
:86:/EREF/C20251030-1324657915-37948796932364/PREF/C20251030-13246579
15-PID-00001/TRCD/593/RTRN/AC04/BENM//NAME/POULAHTARI/REMI/BN 935
2220/ISDT/2025-11-07
:61:251107C000000000039,20N593EREF//43246258154
NL88ABNA0126019533
:86:/EREF/C20251106-6733626590-10071269185286/PREF/C20251106-67336265
90-PID-00001/TRCD/593/RTRN/AC04/BENM//NAME/T M  BASTIAAN/REMI/BN 
846097/ISDT/2025-11-07
:61:251107C000000001501,61N541EREF//43246372976
BE39210096870619
:86:/EREF/202511040137315/TRCD/541/ORDP//NAME/WORLDLINE/REMI/R:9-8135
6438/174 MC 17539214 AFG:0000001 Center ParcsBRT:0001513,98EUR C:
00012,37                    04/11/PURP//CD/CCRD/ISDT/2025-11-07
:61:251107C000000112473,60N541EREF//43246372965
BE39210096870619
:86:/EREF/202511040137362/TRCD/541/ORDP//NAME/WORLDLINE/REMI/R:3-8135
8999/368  AFG:VI VAN 04/11 TOT 04/11         BRT:0113910,99EUR C:
01437,39/PURP//CD/CCRD/ISDT/2025-11-07
:61:251107C000000000015,00N100EREF//43246514556
NL12ABNA0424659263
:86:/EREF/06-11-2025 21:08 7020434809562849/TRCD/100/ORDP//NAME/CM BU
YING/REMI/9058420865 7020434809562849 HH/PURP//CD/EPAY/ISDT/2025-
11-07
:61:251107C000000083272,21N541EREF//43246376178
SE7197810000000007308337
:86:/EREF/019a5bb651fe75a3bc7974eb003bac6b/TRCD/541/ORDP//NAME/Klarna
 Bank AB/REMI/137821740/ISDT/2025-11-07
:61:251107C000000000832,08N541NONREF//43246376322
DE40672500201002337246
:86:/TRCD/541/ORDP//NAME/Lisa Stolz/REMI/5148930 Stolz/ISDT/2025-11-0
7
:61:251107C000000000624,20N100EREF//43246559990
NL79ABNA0580392236
:86:/EREF/06-11-2025 15:30 7020135991564925/TRCD/100/ORDP//NAME/K DAE
MEN/REMI/9057671274 7020135991564925 HH/PURP//CD/EPAY/ISDT/2025-1
1-07
:61:251107C000000000805,80N100EREF//43246559981
NL55ABNA0617592071
:86:/EREF/06-11-2025 15:56 7020985403652270/TRCD/100/ORDP//NAME/P F T
 WIJNANS/REMI/9057730231 7020985403652270 ZV/PURP//CD/EPAY/ISDT/2
025-11-07
:61:251107C000000000059,00N100EREF//43246558847
NL13ABNA0501807322
:86:/EREF/06-11-2025 17:10 7020365994563866/TRCD/100/ORDP//NAME/R EUS
ER/REMI/9057905865 7020365994563866 EP/PURP//CD/EPAY/ISDT/2025-11
 07
:61:251107C000000000522,52N100EREF//43246503562
NL81INGB0751610046
:86:/EREF/06-11-2025 22:34 7020334806533908/TRCD/100/ORDP//NAME/Hr C 
Groot/REMI/9058573129 7020334806533908 VN/PURP//CD/EPAY/ISDT/2025
 11-07
:61:251107C000000000330,80N100EREF//43246503251
NL28INGB0685714438
:86:/EREF/06-11-2025 20:49 7020115982444547/TRCD/100/ORDP//NAME/Mw JA
M Haarman, Hr M Klaassen/REMI/9058379313 7020115982444547 HH/PURP
//CD/EPAY/ISDT/2025-11-07
:61:251107C000000000118,00N100EREF//43246504287
NL44INGB0001663360
:86:/EREF/06-11-2025 21:07 7020104509593866/TRCD/100/ORDP//NAME/Hr A 
Bonefaas, Mw I Bonefaas-Molmans/REMI/9058417445 7020104509593866 
EH/PURP//CD/EPAY/ISDT/2025-11-07
:61:251107C000000000637,59N100EREF//43246502694
NL27INGB0669520403
:86:/EREF/06-11-2025 22:28 7020066303472996/TRCD/100/ORDP//NAME/Mw C 
de Bruin/REMI/9058559520 7020066303472996 PZ/PURP//CD/EPAY/ISDT/2
025-11-07
:61:251107C000000000040,00N100EREF//43246502644
NL13INGB0009169196
:86:/EREF/06-11-2025 22:29 7020565982412639/TRCD/100/ORDP//NAME/MW C 
T A van Hartingsveldt/REMI/9058565990 7020565982412639 HB/PURP//C
D/EPAY/ISDT/2025-11-07
:61:251107C000000000342,00N100EREF//43246502728
NL93INGB0111784832
:86:/EREF/06-11-2025 21:40 7020115406684244/TRCD/100/ORDP//NAME/Flame
ling Company/REMI/9058482030 7020115406684244 BK/PURP//CD/EPAY/IS
DT/2025-11-07
:61:251107C000000000366,40N100EREF//43246504518
NL43INGB0004336601
:86:/EREF/06-11-2025 20:59 7020625385532573/TRCD/100/ORDP//NAME/Mw N 
M Rozendaal-Tromp/REMI/9058396559 7020625385532573 SR/PURP//CD/EP
AY/ISDT/2025-11-07
:61:251107C000000002773,20N100EREF//43246523212
NL30INGB0007809241
:86:/EREF/06-11-2025 20:33 7020536600412555/TRCD/100/ORDP//NAME/A?K B
etonstaal Onderneming/REMI/9058349041 7020536600412555 AR/PURP//C
D/EPAY/ISDT/2025-11-07
:61:251107C000000000185,40N100EREF//43246505984
NL02INGB0678316619
:86:/EREF/07-11-2025 00:12 7020124188533515/TRCD/100/ORDP//NAME/Hr RL
 Boterenbrood/REMI/9058691072 7020124188533515 HH/PURP//CD/EPAY/I
SDT/2025-11-07
:61:251107C000000000325,40N100EREF//43246505865
NL79INGB0008224004
:86:/EREF/06-11-2025 23:38 7020085397503113/TRCD/100/ORDP//NAME/SaalS
al Techniek/REMI/9058656585 7020085397503113 BK/PURP//CD/EPAY/ISD
T/2025-11-07
:61:251107C000000000131,56N100EREF//43246507043
NL07INGB0102579431
:86:/EREF/06-11-2025 23:54 7020884806444184/TRCD/100/ORDP//NAME/Mw ES
 Hazelzet-Bel,Hr N Hazelzet/REMI/9058676289 7020884806444184 HA/P
URP//CD/EPAY/ISDT/2025-11-07
:61:251107C000000000505,80N100EREF//43246506835
NL06INGB0008877643
:86:/EREF/06-11-2025 22:16 7020226894683716/TRCD/100/ORDP//NAME/Y L D
orland/REMI/9058541065 7020226894683716 HB/PURP//CD/EPAY/ISDT/202
5-11-07
:61:251107C000000000254,45N100EREF//43246521047
NL14INGB0007462560
:86:/EREF/06-11-2025 23:05 7020595700414439/TRCD/100/ORDP//NAME/Mw N 
van Leeuwen/REMI/9058615425 7020595700414439 KM/PURP//CD/EPAY/ISD
T/2025-11-07
:61:251107C000000000573,20N100EREF//43246527715
NL19INGB0748895841
:86:/EREF/06-11-2025 19:47 7020245409652324/TRCD/100/ORDP//NAME/Hr T 
Smeenk/REMI/9058259273 7020245409652324 KV/PURP//CD/EPAY/ISDT/202
5-11-07
:61:251107C000000000348,15N100EREF//43246527626
NL48INGB0001029975
:86:/EREF/06-11-2025 18:24 7020685991473542/TRCD/100/ORDP//NAME/Hr PH
 van Malsen,K van Malsen-van den Berg/REMI/9058072021 70206859914
73542 EH/PURP//CD/EPAY/ISDT/2025-11-07
:61:251107C000000000143,55N100EREF//43246528554
NL41INGB0429430892
:86:/EREF/06-11-2025 19:34 7020645700442408/TRCD/100/ORDP//NAME/Mw MG
 Nahr/REMI/9058233917 7020645700442408 EH/PURP//CD/EPAY/ISDT/2025
 11-07
:61:251107C000000000681,59N100EREF//43246541204
NL16INGB0662762029
:86:/EREF/06-11-2025 18:49 7020274203472423/TRCD/100/ORDP//NAME/Mw ZN
 Walidin/REMI/9058129125 7020274203472423 PZ/PURP//CD/EPAY/ISDT/2
025-11-07
:61:251107C000000000049,98N100EREF//43246541084
NL45INGB0671272675
:86:/EREF/06-11-2025 15:52 7020856309563359/TRCD/100/ORDP//NAME/Hr J 
van Meir, Mw T Janssens/REMI/9057722824 7020856309563359 ZV/PURP/
/CD/EPAY/ISDT/2025-11-07
:61:251107C000000000400,10N100EREF//43246529111
NL86INGB0688619223
:86:/EREF/06-11-2025 16:50 7020926585592024/TRCD/100/ORDP//NAME/Hr P 
Flips/REMI/9057856520 7020926585592024 HH/PURP//CD/EPAY/ISDT/2025
 11-07
:61:251107C000000000277,16N100EREF//43246540330
NL13INGB0006314874
:86:/EREF/06-11-2025 18:48 7020775991683185/TRCD/100/ORDP//NAME/Hr WC
W Keijzer, Mw NC Ansems/REMI/9058129603 7020775991683185 PZ/PURP/
/CD/EPAY/ISDT/2025-11-07
:61:251107C000000001075,75N100EREF//43246548528
NL97INGB0002701858
:86:/EREF/06-11-2025 16:55 7020034182563887/TRCD/100/ORDP//NAME/Mw J 
Kamps/REMI/9057873967 7020034182563887 HH/PURP//CD/EPAY/ISDT/2025
 11-07
:61:251107C000000001345,30N100EREF//43246548078
NL73INGB0004483501
:86:/EREF/06-11-2025 16:28 7020734182414313/TRCD/100/ORDP//NAME/R A M
 Klootwijk en/of A A J H M Klootwijk-Guzinski/REMI/9057806373 702
0734182414313 HB/PURP//CD/EPAY/ISDT/2025-11-07
:61:251107C000000000008,70N100EREF//43246549839
NL06ABNA0872195546
:86:/EREF/06-11-2025 22:29 7020216585504850/TRCD/100/ORDP//NAME/MMHJ 
SCHMEITS/REMI/9058565957 7020216585504850 MD/PURP//CD/EPAY/ISDT/2
025-11-07
:61:251107C000000000560,20N100EREF//43246549718
NL07ABNA0133860434
:86:/EREF/06-11-2025 22:20 7020914182442201/TRCD/100/ORDP//NAME/M BLO
EMENDAAL/REMI/9058549911 7020914182442201 LH/PURP//CD/EPAY/ISDT/2
025-11-07
:61:251107C000000000436,56N100EREF//43246564552
NL64ABNA0464069912
:86:/EREF/06-11-2025 22:38 7020294803653056/TRCD/100/ORDP//NAME/KKAG 
MAASSEN CJ/REMI/9058576814 7020294803653056 MD/PURP//CD/EPAY/ISDT
/2025-11-07
:61:251107C000000000295,50N100EREF//43246566314
NL80ABNA0446946117
:86:/EREF/06-11-2025 22:43 7020016882684451/TRCD/100/ORDP//NAME/R VAN
 GAMMEREN/REMI/9058584524 7020016882684451 SR/PURP//CD/EPAY/ISDT/
2025-11-07
:61:251107C000000000547,48N100EREF//43246614593
NL31INGB0749949724
:86:/EREF/06-11-2025 19:18 7020925697563323/TRCD/100/ORDP//NAME/Mw T 
van Straten en/of Hr R Koelman/REMI/9058195144 7020925697563323 P
Z/PURP//CD/EPAY/ISDT/2025-11-07
:61:251107C000000000339,80N100EREF//43246616445
NL63INGB0693510765
:86:/EREF/06-11-2025 16:21 7020026003532972/TRCD/100/ORDP//NAME/L de 
Ronde-van Herwaarden,Hr WAF de Ronde/REMI/9057788030 702002600353
2972 HH/PURP//CD/EPAY/ISDT/2025-11-07
:61:251107C000000000402,45N100EREF//43246616237
NL39INGB0005115001
:86:/EREF/06-11-2025 15:47 7020085097653866/TRCD/100/ORDP//NAME/Hr CA
 Sibbelee, Mw I Timmer/REMI/9057712452 7020085097653866 HH/PURP//
CD/EPAY/ISDT/2025-11-07
:61:251107C000000000818,40N100EREF//43246597668
NL80INGB0002607007
:86:/EREF/06-11-2025 19:15 7020056591624082/TRCD/100/ORDP//NAME/Mw M 
P M Mulder/REMI/9058188228 7020056591624082 HH/PURP//CD/EPAY/ISDT
/2025-11-07
:61:251107C000000000030,00N100EREF//43246616960
NL70INGB0669173533
:86:/EREF/06-11-2025 18:15 7020246582562348/TRCD/100/ORDP//NAME/Mw SG
 Sarabia-Kemp,Hr RJ Kemp/REMI/9058056769 7020246582562348 HH/PURP
//CD/EPAY/ISDT/2025-11-07
:61:251107C000000000302,00N100EREF//43246617093
NL70INGB0009360230
:86:/EREF/06-11-2025 19:37 7020714806413113/TRCD/100/ORDP//NAME/Mw P 
van der Meer/REMI/9058237995 7020714806413113 TH/PURP//CD/EPAY/IS
DT/2025-11-07
:61:251107C000000000679,48N100EREF//43246617498
NL98INGB0004045290
:86:/EREF/06-11-2025 18:17 7020306297592777/TRCD/100/ORDP//NAME/Hr GA
L de Korte, LMG de Korte-van Amerongen/REMI/9058058245 7020306297
592777 PZ/PURP//CD/EPAY/ISDT/2025-11-07
:61:251107C000000000481,60N100EREF//43246640265
NL86INGB0009632706
:86:/EREF/06-11-2025 20:08 7020304791623509/TRCD/100/ORDP//NAME/Hr JK
 Hansen/REMI/9058301754 7020304791623509 HH/PURP//CD/EPAY/ISDT/20
25-11-07
:61:251107C000000000004,70N100EREF//43246641708
NL67INGB0702008184
:86:/EREF/06-11-2025 20:10 7020945091652981/TRCD/100/ORDP//NAME/Mw VE
 van Herwijnen/REMI/9058304667 7020945091652981 KV/PURP//CD/EPAY/
ISDT/2025-11-07
:61:251107C000000000532,42N100EREF//43246640889
NL10INGB0004247373
:86:/EREF/06-11-2025 17:43 7020565397594103/TRCD/100/ORDP//NAME/Mw J 
R Makkink/REMI/9057984268 7020565397594103 EH/PURP//CD/EPAY/ISDT/
2025-11-07
:61:251107C000000000322,00N100EREF//43246641688
NL09INGB0661431800
:86:/EREF/06-11-2025 20:10 7020155400623581/TRCD/100/ORDP//NAME/Hr MJ
 Pullens/REMI/9058302377 7020155400623581 BK/PURP//CD/EPAY/ISDT/2
025-11-07
:61:251107C000000000490,57N541EREF//43246494513
BE39210096870619
:86:/EREF/202511040137320/TRCD/541/ORDP//NAME/WORLDLINE/REMI/R:3-8135
6438/175 VI 17539214 AFG:0000001 Center ParcsBRT:0000505,40EUR C:
00014,83                    04/11/PURP//CD/CCRD/ISDT/2025-11-07
:61:251107C000000000009,90N100EREF//43246598408
NL61INGB0008357897
:86:/EREF/06-11-2025 19:51 7020344797683608/TRCD/100/ORDP//NAME/Mw SJ
 Brink/REMI/9058268454 7020344797683608 VN/PURP//CD/EPAY/ISDT/202
5-11-07
:61:251107C000000000726,59N100EREF//43246611091
NL16INGB0662762029
:86:/EREF/06-11-2025 19:13 7020695382682690/TRCD/100/ORDP//NAME/Mw ZN
 Walidin/REMI/9058184052 7020695382682690 PZ/PURP//CD/EPAY/ISDT/2
025-11-07
:61:251107C000000000388,10N100EREF//43246565821
NL39ABNA0425265900
:86:/EREF/06-11-2025 21:41 7020096000623893/TRCD/100/ORDP//NAME/K OUD
SHOORN CJ/REMI/9058482974 7020096000623893 HH/PURP//CD/EPAY/ISDT/
2025-11-07
:61:251107C000000001203,50N100EREF//43246614929
NL88INGB0005051263
:86:/EREF/06-11-2025 20:01 7020305997652816/TRCD/100/ORDP//NAME/Hr A 
P Lambregts en/of Mw C J Hessing/REMI/9058286851 7020305997652816
 MD/PURP//CD/EPAY/ISDT/2025-11-07
:61:251107C000000000258,32N100EREF//43246526788
NL44INGB0002038556
:86:/EREF/06-11-2025 18:20 7020624788503638/TRCD/100/ORDP//NAME/Mw T 
A Govers-Doremalen/REMI/9058071236 7020624788503638 PZ/PURP//CD/E
PAY/ISDT/2025-11-07
:61:251107C000000000277,12N100EREF//43246499680
NL02REVO4109385377
:86:/EREF/06-11-2025 22:08 7020926009624487/TRCD/100/ORDP//NAME/Niek 
Achten & Praewphairin Meelarp/REMI/9058621179 7020926009624487 EH
/PURP//CD/EPAY/ISDT/2025-11-07
:61:251107C000000001045,85N100EREF//43246654285
NL06INGB0001708179
:86:/EREF/06-11-2025 21:48 7020645685413041/TRCD/100/ORDP//NAME/Mw EM
 Slagter,Mw J Bouwman/REMI/9058493533 7020645685413041 HH/PURP//C
D/EPAY/ISDT/2025-11-07
:61:251107C000000000152,00N100EREF//43246654176
NL50INGB0008631732
:86:/EREF/06-11-2025 21:44 7020925085682159/TRCD/100/ORDP//NAME/Hr MR
 Horstink/REMI/9058489155 7020925085682159 EH/PURP//CD/EPAY/ISDT/
2025-11-07
:61:251107C000000000502,68N100EREF//43246656761
NL36INGB0667705953
:86:/EREF/06-11-2025 21:03 7020676003413359/TRCD/100/ORDP//NAME/Hr R 
van Eck, Mw M Silvius/REMI/9058403707 7020676003413359 EH/PURP//C
D/EPAY/ISDT/2025-11-07
:61:251107C000000000626,32N100EREF//43246657262
NL86INGB0684800721
:86:/EREF/06-11-2025 20:59 7020194506473659/TRCD/100/ORDP//NAME/Mw DG
L Giesberts/REMI/9058399580 7020194506473659 MD/PURP//CD/EPAY/ISD
T/2025-11-07
:61:251107C000000001952,00N100EREF//43246656807
NL78INGB0650144899
:86:/EREF/06-11-2025 20:56 7020645391624928/TRCD/100/ORDP//NAME/Hr J 
Jansen/REMI/9058381305 7020645391624928 KV/PURP//CD/EPAY/ISDT/202
5-11-07
:61:251107C000000000321,11N100EREF//43246657984
NL07INGB0006754974
:86:/EREF/06-11-2025 22:45 7020976897592816/TRCD/100/ORDP//NAME/Hr R 
V Geluk/REMI/9058586931 7020976897592816 PZ/PURP//CD/EPAY/ISDT/20
25-11-07
:61:251107C000000000376,00N100EREF//43246659336
NL45INGB0004232387
:86:/EREF/06-11-2025 23:48 7020304503412843/TRCD/100/ORDP//NAME/Mw D 
M M Slangen/REMI/9058667153 7020304503412843 LH/PURP//CD/EPAY/ISD
T/2025-11-07
:61:251107C000000000005,00N100EREF//43246655615
NL31INGB0008703369
:86:/EREF/06-11-2025 21:43 7020546597622528/TRCD/100/ORDP//NAME/Mw CC
M van Zundert/REMI/9058486141 7020546597622528 HB/PURP//CD/EPAY/I
SDT/2025-11-07
:61:251107C000000000481,00N100EREF//43246655604
NL45INGB0434927228
:86:/EREF/06-11-2025 21:39 7020104194442177/TRCD/100/ORDP//NAME/Hr E 
Cagiral,Mw N Tasci Cagiral/REMI/9058475232 7020104194442177 HH/PU
RP//CD/EPAY/ISDT/2025-11-07
:61:251107C000000000241,24N100EREF//43246665476
NL35INGB0001597174
:86:/EREF/06-11-2025 22:02 7020345100414640/TRCD/100/ORDP//NAME/Hr P 
M Glandorf en/of Mw C M Spruit/REMI/9058517343 7020345100414640 E
H/PURP//CD/EPAY/ISDT/2025-11-07
:61:251107C000000000133,00N100EREF//43246662844
NL71INGB0656460695
:86:/EREF/06-11-2025 22:59 7020336906682822/TRCD/100/ORDP//NAME/Hr R 
Hendriks/REMI/9058606492 7020336906682822 EH/PURP//CD/EPAY/ISDT/2
025-11-07
:61:251107C000000000477,18N100EREF//43246663068
NL76INGB0793058430
:86:/EREF/06-11-2025 22:13 7020405388443182/TRCD/100/ORDP//NAME/Mw A 
Nabizadeh/REMI/9058536762 7020405388443182 TF/PURP//CD/EPAY/ISDT/
2025-11-07
:61:251107C000000001524,75N100EREF//43246680178
NL32INGB0753506114
:86:/EREF/06-11-2025 19:38 7020344509683707/TRCD/100/ORDP//NAME/Hr RM
 Houweling,Mw C Dadema/REMI/9058237946 7020344509683707 EH/PURP//
CD/EPAY/ISDT/2025-11-07
:61:251107C000000000722,12N100EREF//43246684161
NL16INGB0007285402
:86:/EREF/06-11-2025 19:31 7020266606592825/TRCD/100/ORDP//NAME/Hr MR
 Mohseni/REMI/9058221995 7020266606592825 EH/PURP//CD/EPAY/ISDT/2
025-11-07
:61:251107C000000001913,86N100EREF//43246684020
NL52INGB0101222076
:86:/EREF/06-11-2025 20:17 7020746285623149/TRCD/100/ORDP//NAME/Mw S 
de Vries,Hr SGF Jansen/REMI/9058312613 7020746285623149 EH/PURP//
CD/EPAY/ISDT/2025-11-07
:61:251107C000000000020,00N100EREF//43246691798
NL68INGB0636729397
:86:/EREF/06-11-2025 20:37 7020246597533131/TRCD/100/ORDP//NAME/Hr JA
 van den Bogert,Mw Y Vos/REMI/9058353776 7020246597533131 VM/PURP
//CD/EPAY/ISDT/2025-11-07
:61:251107C000000000354,34N100EREF//43246696488
NL46ABNA0523901194
:86:/EREF/07-11-2025 06:01 7020475694561859/TRCD/100/ORDP//NAME/A C C
 VISSER CJ/REMI/9058906003 7020475694561859 HA/PURP//CD/EPAY/ISDT
/2025-11-07
:61:251107C000000000111,12N100EREF//43246699190
NL11ABNA0872012999
:86:/EREF/06-11-2025 21:38 7020314485414718/TRCD/100/ORDP//NAME/MJ BO
THMER/REMI/9058476240 7020314485414718 VM/PURP//CD/EPAY/ISDT/2025
 11-07
:61:251107C000000001266,30N100EREF//43246698950
NL67ABNA0520082702
:86:/EREF/06-11-2025 21:16 7020895406472048/TRCD/100/ORDP//NAME/A JAN
SEN KAPITEIJN CJ/REMI/9058434652 7020895406472048 MD/PURP//CD/EPA
Y/ISDT/2025-11-07
:61:251107C000000000365,24N100EREF//43246697314
NL26ABNA0513272682
:86:/EREF/06-11-2025 21:36 7020075394684277/TRCD/100/ORDP//NAME/J PAA
UW CJ/REMI/9058475995 7020075394684277 EH/PURP//CD/EPAY/ISDT/2025
 11-07
:61:251107C000000000869,60N100EREF//43246720339
NL39INGB0006728208
:86:/EREF/06-11-2025 18:37 7020394491564397/TRCD/100/ORDP//NAME/Mw E 
K Schuurman-Melissen en/of Hr A J P Schuurman/REMI/9058104927 702
0394491564397 MD/PURP//CD/EPAY/ISDT/2025-11-07
:61:251107C000000000376,14N100EREF//43246731980
NL39INGB0755658418
:86:/EREF/06-11-2025 16:13 7020596894653746/TRCD/100/ORDP//NAME/Hr WA
J ten Have,THCP ten Have-van der Rijt/REMI/9057772375 70205968946
53746 LH/PURP//CD/EPAY/ISDT/2025-11-07
:61:251107C000000000050,00N100EREF//43246731070
NL61INGB0003023867
:86:/EREF/06-11-2025 18:12 7020955982593326/TRCD/100/ORDP//NAME/Hr PJ
 Bets,Mw GACQ Bets-Boskamp/REMI/9058045298 7020955982593326 HB/PU
RP//CD/EPAY/ISDT/2025-11-07
:61:251107C000000000692,56N100EREF//43246725251
NL24INGB0670031453
:86:/EREF/06-11-2025 19:58 7020566903562483/TRCD/100/ORDP//NAME/Hr K 
Daamen,Mw A Vos/REMI/9058275257 7020566903562483 OD/PURP//CD/EPAY
/ISDT/2025-11-07
:61:251107C000000000732,11N100EREF//43246733801
NL85INGB0006550743
:86:/EREF/06-11-2025 16:44 7020336894593455/TRCD/100/ORDP//NAME/Hr MC
 van den Broek/REMI/9057846868 7020336894593455 PZ/PURP//CD/EPAY/
ISDT/2025-11-07
:61:251107C000000000224,30N100EREF//43246620028
NL81BUNQ2069544435
:86:/EREF/06-11-2025 15:59 7020466900503977/TRCD/100/ORDP//NAME/S.J.C
. Schepers  S. Pesselse CJ/REMI/9057740139 7020466900503977 KV/PU
RP//CD/EPAY/ISDT/2025-11-07
:61:251107C000000000477,80N100EREF//43246651208
LT063250030934657379
:86:/EREF/06-11-2025 19:12 7020275106442810/TRCD/100/ORDP//NAME/Willi
an Jorge De Freitas Soares/REMI/9058303349 7020275106442810 KV/PU
RP//CD/EPAY/ISDT/2025-11-07
:61:251107C000000000542,98N100EREF//43246652012
NL90REVO6582978853
:86:/EREF/06-11-2025 15:06 7020806291653740/TRCD/100/ORDP//NAME/Gino 
Berendse/REMI/9057760157 7020806291653740 PZ/PURP//CD/EPAY/ISDT/2
025-11-07
:61:251107C000000125301,48N541EREF//43246634476
BE39210096870619
:86:/EREF/202511040137358/TRCD/541/ORDP//NAME/WORLDLINE/REMI/R:9-8135
8999/367  AFG:MC VAN 04/11 TOT 04/11         BRT:0126776,98EUR C:
01475,50/PURP//CD/CCRD/ISDT/2025-11-07
:61:251107C000000000378,40N100EREF//43246721964
NL43SNSB0787837652
:86:/EREF/2025-11-06T13:37 7020674188444004/TRCD/100/ORDP//NAME/CARPT
RIPZ/REMI/9057400198 7020674188444004 KV/PURP//CD/EPAY/ISDT/2025-
11-07
:61:251107C000000000532,75N100EREF//43246721603
NL81INGB0004378112
:86:/EREF/06-11-2025 19:15 7020095700504112/TRCD/100/ORDP//NAME/Hr R 
Harting, Mw A Harting-Mohlmann/REMI/9058177917 7020095700504112 E
H/PURP//CD/EPAY/ISDT/2025-11-07
:61:251107C000000000489,80N100EREF//43246722315
NL10INGB0007003822
:86:/EREF/06-11-2025 18:29 7020894785564016/TRCD/100/ORDP//NAME/Hr M 
Brussaard/REMI/9058086939 7020894785564016 EH/PURP//CD/EPAY/ISDT/
2025-11-07
:61:251107C000000000024,00N100EREF//OO9T005183551622
NL51RABO0356849139
:86:/EREF/07-11-2025 08:33 7020236603441586/TRCD/100/ORDP//NAME/T. va
n der Meij/REMI/9059082431 7020236603441586 HB xui-20170318/PURP/
/CD/EPAY/ISDT/2025-11-07
:61:251107C000000000230,00N100EREF//OO9T005183557827
NL60RABO0167798111
:86:/EREF/07-11-2025 08:35 7020895703440761/TRCD/100/ORDP//NAME/M. Pi
eterse eo C. Hastrich/ID/82400725/REMI/9059089076 702089570344076
1 HH xui-74632353/PURP//CD/EPAY/ISDT/2025-11-07
:61:251107C000000000135,48N541EREF//OO9T005183560408
NL30RABO0305345524
:86:/EREF/OO9B005183560408/PREF/OO9B005183560408/TRCD/541/ORDP//NAME/
J.H.A. Eversdijk eo M. Muller/REMI/6753856/ISDT/2025-11-07
:61:251107C000000000030,00N100EREF//OO9T005183571166
NL77RABO0121515613
:86:/EREF/07-11-2025 08:40 7020395400679861/TRCD/100/ORDP//NAME/K.F.J
. Timmermans eo W.P.L. van de Klok/REMI/9059100923 70203954006798
61 EH xui-46911317/PURP//CD/EPAY/ISDT/2025-11-07
:61:251107C000000000485,04N100EREF//OO9T005183599386
NL38RABO0365035009
:86:/EREF/07-11-2025 08:50 7020146303621253/TRCD/100/ORDP//NAME/N. Kl
aassens/REMI/9059118276 7020146303621253 EH xui-39821092/PURP//CD
/EPAY/ISDT/2025-11-07
:61:251107C000000000401,80N541NONREF//PEIP-20251107117
NL48INGB0006315699
:86:/TRCD/541/ORDP//NAME/Hr PA Bras, Mw MH Bras-Mouthaan/REMI/reserve
ringsnummer 4500842/ISDT/2025-11-07
:61:251107C000000000459,60N100EREF//OO9T005183629114
NL16RABO0350292957
:86:/EREF/07-11-2025 09:00 7020565088500806/TRCD/100/ORDP//NAME/J.E.S
. Gerrits eo M. Hulsman/REMI/9059144922 7020565088500806 KV xui-1
0945701/PURP//CD/EPAY/ISDT/2025-11-07
:61:251107C000000000158,00N100EREF//OO9T005183672198
NL11RABO0337071268
:86:/EREF/07-11-2025 09:14 7020265391621679/TRCD/100/ORDP//NAME/G.G. 
Dijkstra/REMI/9059173964 7020265391621679 HH xui-66146109/PURP//C
D/EPAY/ISDT/2025-11-07
:61:251107C000000000372,32N541NONREF//PEIP-20251107117
NL94ASNB8832575418
:86:/TRCD/541/ORDP//NAME/L.R. Haaksma e/o M.J. Wolffram/REMI/612097/I
SDT/2025-11-07
:61:251107C000000000476,28N100EREF//OO9T005183686450
NL78RABO0106226940
:86:/EREF/07-11-2025 09:19 7020295982559327/TRCD/100/ORDP//NAME/C.P. 
Merks/REMI/9059186496 7020295982559327 EH xui-21990156/PURP//CD/E
PAY/ISDT/2025-11-07
:61:251107C000000000288,32N100EREF//43247129428
NL48INGB0008069265
:86:/EREF/07-11-2025 07:45 7020645982410521/TRCD/100/ORDP//NAME/Mw M 
Faber/REMI/9058999861 7020645982410521 PZ/PURP//CD/EPAY/ISDT/2025
 11-07
:61:251107C000000001054,32N100EREF//43247085031
NL43INGB0702711284
:86:/EREF/07-11-2025 07:11 7020074503620005/TRCD/100/ORDP//NAME/Mw NH
M Meese, Hr TDL Geurtjens/REMI/9058962004 7020074503620005 HB/PUR
P//CD/EPAY/ISDT/2025-11-07
:61:251107C000000000717,57N100EREF//43247085694
NL45INGB0001249831
:86:/EREF/07-11-2025 07:30 7020556906500176/TRCD/100/ORDP//NAME/Mw JA
 ter Schegget/REMI/9058983999 7020556906500176 SL/PURP//CD/EPAY/I
SDT/2025-11-07
:61:251107C000000001711,96N100EREF//43247088629
NL56TRIO0391149008
:86:/EREF/06-11-25 15:30 7020096591503767/TRCD/100/ORDP//NAME/L. van 
Boheemen/REMI/9057671431 7020096591503767 PZ/PURP//CD/EPAY/ISDT/2
025-11-07
:61:251107C000000000697,58N100EREF//43247087816
NL91INGB0004159197
:86:/EREF/07-11-2025 07:53 7020464509589561/TRCD/100/ORDP//NAME/Mw E 
van der Heiden/REMI/9059015099 7020464509589561 PZ/PURP//CD/EPAY/
ISDT/2025-11-07
:61:251107C000000000204,00N100EREF//43247127674
NL27ABNA0619708824
:86:/EREF/07-11-2025 07:34 7020566306681670/TRCD/100/ORDP//NAME/M H P
 VAN BERKEL/REMI/9058987368 7020566306681670 MD/PURP//CD/EPAY/ISD
T/2025-11-07
:61:251107C000000001393,80N100EREF//43247123781
NL52KNAB0258517743
:86:/EREF/2025-11-06T06:26 7020494188652480/TRCD/100/ORDP//NAME/F. A.
 W. J. Wilbers en/of/REMI/9058214806 7020494188652480 SL/PURP//CD
/EPAY/ISDT/2025-11-07
:61:251107C000000000527,12N100EREF//43247127449
NL36ABNA0495581739
:86:/EREF/07-11-2025 06:58 7020706600651235/TRCD/100/ORDP//NAME/A GER
RITSEN CJ/REMI/9058946336 7020706600651235 EH/PURP//CD/EPAY/ISDT/
2025-11-07
:61:251107C000000000430,20N100EREF//43247127004
NL28ABNA0592483622
:86:/EREF/07-11-2025 07:49 7020435085470569/TRCD/100/ORDP//NAME/S KEE
LER/REMI/9059009909 7020435085470569 HH/PURP//CD/EPAY/ISDT/2025-1
1-07
:61:251107C000000000543,19N100EREF//OO9T005183694768
NL65RABO0154398829
:86:/EREF/07-11-2025 09:22 7020036285590029/TRCD/100/ORDP//NAME/D. Ra
s/REMI/9059202049 7020036285590029 VM xui-26395628/PURP//CD/EPAY/
ISDT/2025-11-07
:61:251107C000000000028,00N100EREF//OO9T005183716282
NL85RABO0358349893
:86:/EREF/07-11-2025 09:28 7020975688409807/TRCD/100/ORDP//NAME/J. He
ijkoop eo C. van Brandenburg/REMI/9059211517 7020975688409807 HH 
xui-82348907/PURP//CD/EPAY/ISDT/2025-11-07
:61:251107C000000001521,72N100EREF//OO9T005183714483
NL77RABO0119930730
:86:/EREF/07-11-2025 09:28 7020536591620377/TRCD/100/ORDP//NAME/S. Ru
iter-Kieft eo C.J. Ruiter/REMI/9059210732 7020536591620377 HB xui
 47429009/PURP//CD/EPAY/ISDT/2025-11-07
:61:251107C000000000469,32N100EREF//OO9T005183730528
NL39RABO0365049735
:86:/EREF/07-11-2025 09:33 7020835991470587/TRCD/100/ORDP//NAME/M. Wa
lburg eo F.P. Kats/REMI/9059223182 7020835991470587 VM xui-830672
25/PURP//CD/EPAY/ISDT/2025-11-07
:61:251107C000000003199,73N540GER020906311//25B793539EE8032S
DE04503104000437983225
:86:/EREF/251107-11F9PT832/TRCD/540/ORDP//NAME/Alice Mitchell/REMI/In
voice 20255276815002 PAYMENTS/OCMT/EUR3199,73
:61:251107C000000000026,00N100EREF//OO9T005183753724
NL27RABO0337232970
:86:/EREF/07-11-2025 09:40 7020144782650569/TRCD/100/ORDP//NAME/A. Ad
riaansens-van den Berg eo M.A.J. Adriaansens/REMI/9059236001 7020
144782650569 PZ xui-46776470/PURP//CD/EPAY/ISDT/2025-11-07
:61:251107C000000000438,20N100EREF//OO9T005183781239
NL05RABO0313423261
:86:/EREF/07-11-2025 09:48 7020465109469087/TRCD/100/ORDP//NAME/E. He
ijkoop/REMI/9059263946 7020465109469087 HH xui-56570017/PURP//CD/
EPAY/ISDT/2025-11-07
:61:251107C000000000282,92N540GER017805311//25B7949278MB0F9C
DE04503104000437983225
:86:/EREF/251107-PF0G3F937/TRCD/540/ORDP//NAME/Alice Mitchell/REMI/In
voice 20255280027004 PAYMENTS/OCMT/EUR282,92
:61:251107C000000000008,00N100EREF//OO9T005183787699
NL84RABO0110624424
:86:/EREF/07-11-2025 09:50 7020956294409756/TRCD/100/ORDP//NAME/S.S.J
. van de Laar eo E. Broek/REMI/9059266661 7020956294409756 TH xui
 58410398/PURP//CD/EPAY/ISDT/2025-11-07
:61:251107C000000000028,00N100EREF//OO9T005183796569
NL21RABO0168939436
:86:/EREF/07-11-2025 09:53 7020265400680698/TRCD/100/ORDP//NAME/N.W.M
. Fransen/ID/93227906/REMI/9059275626 7020265400680698 KV xui-991
61503/PURP//CD/EPAY/ISDT/2025-11-07
:61:251107C000000000168,40N100EREF//OO9T005183804203
NL53RABO0156604922
:86:/EREF/07-11-2025 09:55 7020525088440731/TRCD/100/ORDP//NAME/M. Sp
indler/REMI/9059283006 7020525088440731 HH xui-19732020/PURP//CD/
EPAY/ISDT/2025-11-07
:61:251107C000000000501,80N100EREF//OO9T005183808460
NL31RABO0148473032
:86:/EREF/07-11-2025 09:56 7020375985651097/TRCD/100/ORDP//NAME/A. Kr
ol eo A.J.H. Krol-Krichelberg/REMI/9059282107 7020375985651097 MD
 xui-43524868/PURP//CD/EPAY/ISDT/2025-11-07
:61:251107C000000000612,84N100EREF//OO9T005183806387
NL09RABO0320713903
:86:/EREF/07-11-2025 09:56 7020694797409081/TRCD/100/ORDP//NAME/W.J.J
. Brouwers eo N.M.C. Reymond/REMI/9059280240 7020694797409081 KV 
xui-18571645/PURP//CD/EPAY/ISDT/2025-11-07
:61:251107C000000000199,32N100EREF//OO9T005183812253
NL02RABO0156774232
:86:/EREF/07-11-2025 09:57 7020396891410149/TRCD/100/ORDP//NAME/M.W.H
. Laarhoven/REMI/9059283323 7020396891410149 PZ xui-72783064/PURP
//CD/EPAY/ISDT/2025-11-07
:61:251107C000000001199,40N100EREF//OO9T005183835104
NL93RABO0156918579
:86:/EREF/07-11-2025 10:04 7020616294441946/TRCD/100/ORDP//NAME/J.J.M
. Haex eo T.L. Haex-Mamontova/REMI/9059298696 7020616294441946 HB
 xui-58230626/PURP//CD/EPAY/ISDT/2025-11-07
:61:251107C000000001028,48N100EREF//OO9T005183842597
NL90RABO0118929844
:86:/EREF/07-11-2025 10:06 7020696309529861/TRCD/100/ORDP//NAME/S.A.E
. Bonnemayer eo E.E.M.W. Verhoef/REMI/9059307021 7020696309529861
 MD xui-77888710/PURP//CD/EPAY/ISDT/2025-11-07
:61:251107C000000001187,20N100EREF//OO9T005183841868
NL98RABO0106201069
:86:/EREF/07-11-2025 10:06 7020486294501943/TRCD/100/ORDP//NAME/A.L.C
.J.M. van den Hof/REMI/9059310580 7020486294501943 MD xui-9140297
7/PURP//CD/EPAY/ISDT/2025-11-07
:61:251107C000000000437,04N100EREF//OO9T005183846286
NL05RABO0140524932
:86:/EREF/07-11-2025 10:07 7020046300679198/TRCD/100/ORDP//NAME/A.J.A
. van Dijke eo B.L.A. Pijnen/REMI/9059307159 7020046300679198 LH 
xui-88505272/PURP//CD/EPAY/ISDT/2025-11-07
:61:251107C000000000452,04N100EREF//OO9T005183844972
NL46RABO0122956524
:86:/EREF/07-11-2025 10:07 7020556288501022/TRCD/100/ORDP//NAME/E.R.V
erbraecken/REMI/9059311251 7020556288501022 LH xui-59685545/PURP/
/CD/EPAY/ISDT/2025-11-07
:61:251107C000000000250,00N100EREF//OO9T005183849578
NL73RABO0114407622
:86:/EREF/07-11-2025 10:08 7020175091681583/TRCD/100/ORDP//NAME/N.A.H
.C. Weusten-Thijssen eo L.M.H. Weusten/REMI/9059315523 7020175091
681583 LH xui-41516816/PURP//CD/EPAY/ISDT/2025-11-07
:61:251107C000000000367,04N100EREF//OO9T005183848467
NL30RABO0161061516
:86:/EREF/07-11-2025 10:08 7020745094590506/TRCD/100/ORDP//NAME/S. Wa
ssink/REMI/9059306452 7020745094590506 LH xui-10016052/PURP//CD/E
PAY/ISDT/2025-11-07
:61:251107C000000001659,00N100EREF//OO9T005183849292
NL68RABO0104025123
:86:/EREF/07-11-2025 10:08 7020294191621955/TRCD/100/ORDP//NAME/I. St
evens/REMI/9059309630 7020294191621955 MD xui-94713563/PURP//CD/E
PAY/ISDT/2025-11-07
:61:251107C000000000539,80N100EREF//OO9T005183853930
NL92RABO0302445854
:86:/EREF/07-11-2025 10:09 7020076309559549/TRCD/100/ORDP//NAME/G.B.N
. Bisscheroux/REMI/9059310165 7020076309559549 LH xui-64075656/PU
RP//CD/EPAY/ISDT/2025-11-07
:61:251107C000000000640,40N100EREF//OO9T005183852681
NL35RABO0337277834
:86:/EREF/07-11-2025 10:09 7020555085529318/TRCD/100/ORDP//NAME/R.C.G
. Dumont eo N.M.A. Boekestijn/REMI/9059306645 7020555085529318 EH
 xui-36766939/PURP//CD/EPAY/ISDT/2025-11-07
:61:251107C000000001142,60N100EREF//OO9T005183858600
NL84RABO0179581627
:86:/EREF/07-11-2025 10:11 7020376600411610/TRCD/100/ORDP//NAME/M.A.P
. Smits eo J.G.A. van Loon/REMI/9059314742 7020376600411610 LH xu
i-20095923/PURP//CD/EPAY/ISDT/2025-11-07
:61:251107C000000001853,40N100EREF//OO9T005183868588
NL63RABO0104984252
:86:/EREF/07-11-2025 10:13 7020146906410227/TRCD/100/ORDP//NAME/S.H.S
. Nelissen/REMI/9059330138 7020146906410227 MD xui-35523611/PURP/
/CD/EPAY/ISDT/2025-11-07
:61:251107C000000003614,31N541EREF//PEIP-20251107118
NL48ABNA0451829964
:86:/EREF/boekingsnummer 1618902/TRCD/541/ORDP//NAME/A RODENBURG V D 
BULK CJ/REMI//CDTRREFTP//CD/SCOR/ISSR/CUR/CDTRREF/1618902/ISDT/20
25-11-07
:61:251107C000000000776,60N100EREF//OO9T005183874411
NL32RABO0113038623
:86:/EREF/07-11-2025 10:15 7020405700439813/TRCD/100/ORDP//NAME/S.J.E
. Pleijers eo D.A.L.W. Pleijers-Speetjens/REMI/9059330344 7020405
700439813 LH xui-87844381/PURP//CD/EPAY/ISDT/2025-11-07
:61:251107C000000000540,83N541NONREF//PEIP-20251107118
NL70INGB0002870542
:86:/TRCD/541/ORDP//NAME/Hr CL Benschop, Mw MC Benschop-Witvliet/REMI
/reserveringsnummer 5081673/ISDT/2025-11-07
:61:251107C000000001906,92N541EREF//OO9T005183879290
NL53RABO0389477478
:86:/EREF/OO9B005183879290/PREF/OO9B005183879290/TRCD/541/ORDP//NAME/
N.D.L. Plantenga eo B. Hogaarts/REMI/Reserveringsnummer 4201030/I
SDT/2025-11-07
:61:251107C000000001093,85N100EREF//OO9T005183879968
NL64RABO0327921080
:86:/EREF/07-11-2025 10:17 7020015994620320/TRCD/100/ORDP//NAME/C.L. 
Heijmen eo P. Hubers/REMI/9059335398 7020015994620320 LH xui-1016
9306/PURP//CD/EPAY/ISDT/2025-11-07
:61:251107C000000000947,00N100EREF//OO9T005183887478
NL98RABO0149620403
:86:/EREF/07-11-2025 10:19 7020675388681970/TRCD/100/ORDP//NAME/J.L.J
.M. Geerts/REMI/9059331811 7020675388681970 KV xui-58201381/PURP/
/CD/EPAY/ISDT/2025-11-07
:61:251107C000000000059,00N100EREF//OO9T005183887145
NL98RABO0106201069
:86:/EREF/07-11-2025 10:19 7020744806501283/TRCD/100/ORDP//NAME/A.L.C
.J.M. van den Hof/REMI/9059343056 7020744806501283 MD xui-9140297
7/PURP//CD/EPAY/ISDT/2025-11-07
:61:251107C000000000360,96N100EREF//OO9T005183896013
NL30RABO0118886789
:86:/EREF/07-11-2025 10:21 7020384206680047/TRCD/100/ORDP//NAME/A.A.H
. van Riet eo L.J.M. Huijgens/REMI/9059339138 7020384206680047 MD
 xui-51579564/PURP//CD/EPAY/ISDT/2025-11-07
:61:251107C000000000298,68N100EREF//OO9T005183901247
NL54RABO0149989504
:86:/EREF/07-11-2025 10:23 7020515100410101/TRCD/100/ORDP//NAME/R. Be
ijnsberger eo C.M. Beijnsberger-Stolk/REMI/9059354504 70205151004
10101 LH xui-63674217/PURP//CD/EPAY/ISDT/2025-11-07
:61:251107C000000000039,90N100EREF//OO9T005183901993
NL48RABO0338488936
:86:/EREF/07-11-2025 10:23 7020734188650629/TRCD/100/ORDP//NAME/L.S. 
van der Werff/REMI/9059352448 7020734188650629 ZV xui-43414851/PU
RP//CD/EPAY/ISDT/2025-11-07
:61:251107C000000000029,90N100EREF//OO9T005183904823
NL96RABO0170837734
:86:/EREF/07-11-2025 10:24 7020474800590464/TRCD/100/ORDP//NAME/K.G.M
. v. Rijsewijk/REMI/9059353875 7020474800590464 LH xui-10647471/P
URP//CD/EPAY/ISDT/2025-11-07
:61:251107C000000000425,08N100EREF//OO9T005183904375
NL59RABO0372746519
:86:/EREF/07-11-2025 10:23 7020364800439624/TRCD/100/ORDP//NAME/A.A.L
.M. van Loon eo G.A.L. van Loon-van Gaans/REMI/9059352542 7020364
800439624 LH xui-36985612/PURP//CD/EPAY/ISDT/2025-11-07
:61:251107C000000000510,00N100EREF//OO9T005183912364
NL68RABO0106508032
:86:/EREF/07-11-2025 10:26 7020154209650779/TRCD/100/ORDP//NAME/F.L.T
. van Duijnhoven eo L.H.J. van Duijnhoven-Brands/ID/96685123/REMI
/9059351891 7020154209650779 MD xui-39143822/PURP//CD/EPAY/ISDT/2
025-11-07
:61:251107C000000000416,90N100EREF//43247304936
NL12INGB0652141668
:86:/EREF/07-11-2025 08:40 7020924494679162/TRCD/100/ORDP//NAME/Mw R 
Wouters, Hr MP Kamphuis/REMI/9059100949 7020924494679162 ZV/PURP/
/CD/EPAY/ISDT/2025-11-07
:61:251107C000000000238,60N100EREF//43247306235
NL86INGB0007318383
:86:/EREF/07-11-2025 08:35 7020136009469981/TRCD/100/ORDP//NAME/Mw A 
S den Hertog/REMI/9059091030 7020136009469981 LH/PURP//CD/EPAY/IS
DT/2025-11-07
:61:251107C000000000269,00N100EREF//43247303570
NL68INGB0673093727
:86:/EREF/07-11-2025 08:21 7020984509560314/TRCD/100/ORDP//NAME/MM Ba
kker,MD Westra/REMI/9059059093 7020984509560314 EH/PURP//CD/EPAY/
ISDT/2025-11-07
:61:251107C000000000412,48N100EREF//43247306478
NL45INGB0667515089
:86:/EREF/07-11-2025 08:31 7020666900411106/TRCD/100/ORDP//NAME/Mw M 
de Roos, Hr WJ de Vos/REMI/9059079306 7020666900411106 EH/PURP//C
D/EPAY/ISDT/2025-11-07
:61:251107C000000000250,00N100EREF//43247308014
NL20INGB0003093378
:86:/EREF/07-11-2025 08:54 7020226285410575/TRCD/100/ORDP//NAME/Hr P 
Grasmaijer, Mw E Grasmaijer-Lamme/REMI/9059130081 702022628541057
5 MD/PURP//CD/EPAY/ISDT/2025-11-07
:61:251107C000000000507,00N100EREF//43247307592
NL02INGB0748928642
:86:/EREF/07-11-2025 08:31 7020235697561907/TRCD/100/ORDP//NAME/Mw KK
 Brandys/REMI/9059079220 7020235697561907 KV/PURP//CD/EPAY/ISDT/2
025-11-07
:61:251107C000000001696,18N100EREF//43247320563
NL83INGB0009655264
:86:/EREF/07-11-2025 08:28 7020444206619576/TRCD/100/ORDP//NAME/Mw O 
C C Demaeght en/of Hr B H Pieterse/REMI/9059073126 70204442066195
76 PZ/PURP//CD/EPAY/ISDT/2025-11-07
:61:251107C000000000014,00N100EREF//43247301960
NL82INGB0398533423
:86:/EREF/07-11-2025 08:10 7020626909409162/TRCD/100/ORDP//NAME/Hr J 
Kuiper,Mw S Steijger/REMI/9059039131 7020626909409162 HH/PURP//CD
/EPAY/ISDT/2025-11-07
:61:251107C000000000253,90N100EREF//43247318955
NL13INGB0007559675
:86:/EREF/07-11-2025 08:28 7020495085681064/TRCD/100/ORDP//NAME/Mw SD
 Krijnen/REMI/9059077635 7020495085681064 HB/PURP//CD/EPAY/ISDT/2
025-11-07
:61:251107C000000000007,00N100EREF//43247318593
NL58INGB0666856613
:86:/EREF/07-11-2025 08:29 7020856000470149/TRCD/100/ORDP//NAME/Hr TJ
 Rohof,Mw R Jasperse/REMI/9059077783 7020856000470149 KV/PURP//CD
/EPAY/ISDT/2025-11-07
:61:251107C000000000539,12N100EREF//OO9T005183928776
NL86RABO0372629148
:86:/EREF/07-11-2025 10:30 7020094200441988/TRCD/100/ORDP//NAME/D. de
 l' Ecluse/REMI/9059369137 7020094200441988 EH xui-13231282/PURP/
/CD/EPAY/ISDT/2025-11-07
:61:251107C000000000258,56N100EREF//OO9T005183934200
NL21RABO0181240491
:86:/EREF/07-11-2025 10:32 7020606909411115/TRCD/100/ORDP//NAME/J.A.M
. de Leeuw/REMI/9059367555 7020606909411115 LH xui-65395187/PURP/
/CD/EPAY/ISDT/2025-11-07
:61:251107C000000000250,00N100EREF//OO9T005183939192
NL40RABO0151140855
:86:/EREF/07-11-2025 10:33 7020004482591715/TRCD/100/ORDP//NAME/R. Ke
ijman/REMI/9059380891 7020004482591715 LH xui-16897723/PURP//CD/E
PAY/ISDT/2025-11-07
:61:251107C000000000863,84N100EREF//OO9T005183939217
NL54RABO0108391442
:86:/EREF/07-11-2025 10:33 7020616294649231/TRCD/100/ORDP//NAME/R.J.G
. Ophelders/REMI/9059376489 7020616294649231 LH xui-23703038/PURP
//CD/EPAY/ISDT/2025-11-07
:61:251107C000000000521,44N541EREF//OO9T005183942654
NL10RABO0112778380
:86:/EREF/OO9B005183942654/PREF/OO9B005183942654/TRCD/541/ORDP//NAME/
K.P.W. Vink/REMI/KPW Vink Boekingsnummer 1917185 Aanbetaling CP H
et Meerdal/ISDT/2025-11-07
:61:251107C000000000075,00N100EREF//OO9T005183944391
NL54RABO0373924674
:86:/EREF/07-11-2025 10:35 7020384203441913/TRCD/100/ORDP//NAME/L. Ni
euwenhuize eo H. Nieuwenhuize-v.Antwerpen/REMI/9059384101 7020384
203441913 BT xui-86383447/PURP//CD/EPAY/ISDT/2025-11-07
:61:251107C000000000888,42N541NONREF//PEIP-20251107118
NL94INGB0665965893
:86:/TRCD/541/ORDP//NAME/Mw M Pols/REMI/Reservering : 4775725/ISDT/20
25-11-07
:61:251107C000000000431,92N100EREF//OO9T005183952073
NL54RABO0108391442
:86:/EREF/07-11-2025 10:37 7020344482681418/TRCD/100/ORDP//NAME/R.J.G
. Ophelders/REMI/9059386015 7020344482681418 LH xui-23703038/PURP
//CD/EPAY/ISDT/2025-11-07
:61:251107C000000000709,25N541EREF//OO9T005183956643
NL44RABO0384421903
:86:/EREF/OO9B005183956643/PREF/OO9B005183956643/TRCD/541/ORDP//NAME/
J.S. ten Ham eo A.S. Timmers/REMI/Reserveringsnummer 2722786/ISDT
/2025-11-07
:61:251107C000000000522,64N541EREF//OO9T005183956844
NL53RABO0341537071
:86:/EREF/OO9B005183956844/PREF/OO9B005183956844/TRCD/541/ORDP//NAME/
J.A.M. Vergouwe eo C.P. Vergouwe-Timmers/REMI/Boekingsnummer 1174
533 C.P.Timmers/ISDT/2025-11-07
:61:251107C000000000265,74N100EREF//OO9T005183955954
NL81RABO0338080554
:86:/EREF/07-11-2025 10:38 7020254803499510/TRCD/100/ORDP//NAME/J.H.C
. Bekkers eo B.M.A.A. Sengers/REMI/9059390859 7020254803499510 BS
 xui-87571927/PURP//CD/EPAY/ISDT/2025-11-07
:61:251107C000000000374,13N100EREF//OO9T005183970659
NL10RABO0104438126
:86:/EREF/07-11-2025 10:42 7020496903650350/TRCD/100/ORDP//NAME/E. He
rder/REMI/9059401797 7020496903650350 EH xui-31289617/PURP//CD/EP
AY/ISDT/2025-11-07
:61:251107C000000000004,95N100EREF//OO9T005183976497
NL18RABO0127879099
:86:/EREF/07-11-2025 10:43 7020686282591871/TRCD/100/ORDP//NAME/K.G.E
.G. van Aart eo C.U. Hendriksen/REMI/9059406402 7020686282591871 
HB xui-11231481/PURP//CD/EPAY/ISDT/2025-11-07
:61:251107C000000000458,20N100EREF//OO9T005183978517
NL70RABO0354305166
:86:/EREF/07-11-2025 10:44 7020655085679915/TRCD/100/ORDP//NAME/F. Br
abers eo H.P. Brabers-van Bommel/REMI/9059393352 7020655085679915
 HB xui-49896333/PURP//CD/EPAY/ISDT/2025-11-07
:61:251107C000000000306,70N100EREF//OO9T005183982554
NL71RABO0367421488
:86:/EREF/07-11-2025 10:45 7020715691440389/TRCD/100/ORDP//NAME/J.J. 
Klip/REMI/9059410388 7020715691440389 BK xui-59404720/PURP//CD/EP
AY/ISDT/2025-11-07
:61:251107C000000000520,56N100EREF//OO9T005183991844
NL34RABO0141823046
:86:/EREF/07-11-2025 10:47 7020606582650827/TRCD/100/ORDP//NAME/M. Fi
lippo/REMI/9059412891 7020606582650827 HE xui-54096282/PURP//CD/E
PAY/ISDT/2025-11-07
:61:251107C000000000959,20N100EREF//OO9T005184000737
NL21RABO0130316849
:86:/EREF/07-11-2025 10:50 7020525100470143/TRCD/100/ORDP//NAME/M.W. 
de Jong/REMI/9059421573 7020525100470143 KV xui-54786186/PURP//CD
/EPAY/ISDT/2025-11-07
:61:251107C000000000401,96N100EREF//OO9T005184004373
NL62RABO0306199130
:86:/EREF/07-11-2025 10:51 7020635703561337/TRCD/100/ORDP//NAME/K.W.H
. Kloosterman eo I. van den Heuvel/REMI/9059419364 70206357035613
37 MD xui-29208761/PURP//CD/EPAY/ISDT/2025-11-07
:61:251107C000000000481,48N100EREF//43247483914
NL77ABNA0884630153
:86:/EREF/07-11-2025 08:29 7020985706530194/TRCD/100/ORDP//NAME/S KOP
ER CJ/REMI/9059078923 7020985706530194 PZ/PURP//CD/EPAY/ISDT/2025
 11-07
:61:251107C000000000108,00N100EREF//43247483880
NL14ABNA0529928574
:86:/EREF/07-11-2025 08:47 7020505391680962/TRCD/100/ORDP//NAME/MRJ B
OSCH CJ/REMI/9059113756 7020505391680962 LH/PURP//CD/EPAY/ISDT/20
25-11-07
:61:251107C000000000059,00N100EREF//43247483593
NL73ABNA0618667962
:86:/EREF/07-11-2025 08:29 7020805697620248/TRCD/100/ORDP//NAME/JB V 
BRUSSEL/REMI/9059073496 7020805697620248 MD/PURP//CD/EPAY/ISDT/20
25-11-07
:61:251107C000000000616,80N100EREF//43247329108
NL13KNAB0514654511
:86:/EREF/2025-11-07T07:56 7020295085559306/TRCD/100/ORDP//NAME/Conne
ctZorg/REMI/9059134063 7020295085559306 KV/PURP//CD/EPAY/ISDT/202
5-11-07
:61:251107C000000000028,00N100EREF//43247485032
NL90ABNA0523137885
:86:/EREF/07-11-2025 08:31 7020635397501232/TRCD/100/ORDP//NAME/GJM V
ERBAKEL CJ/REMI/9059077980 7020635397501232 EH/PURP//CD/EPAY/ISDT
/2025-11-07
:61:251107C000000000514,05N100EREF//OO9T005184013008
NL40RABO0370320697
:86:/EREF/07-11-2025 10:53 7020376888531118/TRCD/100/ORDP//NAME/C.C.E
.S. Buijs eo J.J.W.H. Franssen/REMI/9059431124 7020376888531118 L
H xui-69547647/PURP//CD/EPAY/ISDT/2025-11-07
:61:251107C000000000568,52N541NONREF//PEIP-20251107118
NL66ABNA0541897535
:86:/TRCD/541/ORDP//NAME/WL VIERVEIJZER CJ/REMI/Reserveringsnummer 83
29528 / Aanbetaling Vierveijzer/ISDT/2025-11-07
:61:251107C000000000387,50N100EREF//OO9T005184030277
NL60RABO0103865799
:86:/EREF/07-11-2025 10:58 7020686885619996/TRCD/100/ORDP//NAME/J. va
n Nuenen eo I.A. van Eijk/REMI/9059443310 7020686885619996 KV xui
 79627696/PURP//CD/EPAY/ISDT/2025-11-07
:61:251107C000000000164,40N100EREF//OO9T005184029385
NL62RABO0399021825
:86:/EREF/07-11-2025 10:57 7020115691680908/TRCD/100/ORDP//NAME/A.L. 
de Jonge-van der Bruggen eo J. de Jonge/REMI/9059442379 702011569
1680908 HH xui-66949249/PURP//CD/EPAY/ISDT/2025-11-07
:61:251107C000000000015,00N100EREF//OO9T005184054018
NL46RABO0313099901
:86:/EREF/07-11-2025 11:04 7020165388409003/TRCD/100/ORDP//NAME/M Ver
meij/REMI/9059455756 7020165388409003 HH xui-77256897/PURP//CD/EP
AY/ISDT/2025-11-07
:61:251107C000000000250,00N100EREF//OO9T005184069621
NL68RABO0347276776
:86:/EREF/07-11-2025 11:08 7020925400439723/TRCD/100/ORDP//NAME/W.A.E
. Franken eo M.W.H. Huijbers/REMI/9059468316 7020925400439723 LH 
xui-95602071/PURP//CD/EPAY/ISDT/2025-11-07
:61:251107C000000000166,34N541NONREF//PEIP-20251107118
NL48ABNA0246859652
:86:/TRCD/541/ORDP//NAME/R WILLEMS CJ/REMI/reserveringsnummer 4997023
/ISDT/2025-11-07
:61:251107C000000001460,60N100EREF//OO9T005184075887
NL14RABO0112944760
:86:/EREF/07-11-2025 11:10 7020006882470803/TRCD/100/ORDP//NAME/S.L.J
. van Schijndel/REMI/9059475929 7020006882470803 TH xui-91223715/
PURP//CD/EPAY/ISDT/2025-11-07
:61:251107C000000001322,80N100EREF//OO9T005184080344
NL53RABO0300518293
:86:/EREF/07-11-2025 11:11 7020116909621319/TRCD/100/ORDP//NAME/M.A.J
. Ridderhof/REMI/9059476667 7020116909621319 VM xui-24594781/PURP
//CD/EPAY/ISDT/2025-11-07
:61:251107C000000000828,60N100EREF//OO9T005184084354
NL14RABO0112944760
:86:/EREF/07-11-2025 11:12 7020765097589819/TRCD/100/ORDP//NAME/S.L.J
. van Schijndel/REMI/9059477399 7020765097589819 TH xui-91223715/
PURP//CD/EPAY/ISDT/2025-11-07
:61:251107C000000000321,96N100EREF//OO9T005184083301
NL32RABO0114818282
:86:/EREF/07-11-2025 11:12 7020045997590716/TRCD/100/ORDP//NAME/B.J. 
Bennik/REMI/9059484742 7020045997590716 LH xui-55309634/PURP//CD/
EPAY/ISDT/2025-11-07
:61:251107C000000000533,72N541NONREF//PEIP-20251107118
NL62INGB0004687205
:86:/TRCD/541/ORDP//NAME/Hr M Eikelenstam/REMI/1992954/ISDT/2025-11-0
7
:61:251107C000000000413,44N100EREF//OO9T005184100092
NL03RABO0105201642
:86:/EREF/07-11-2025 11:16 7020836909411247/TRCD/100/ORDP//NAME/J.A.A
. van Noije/REMI/9059489983 7020836909411247 LH xui-10336736/PURP
//CD/EPAY/ISDT/2025-11-07
:61:251107C000000000250,00N100EREF//OO9T005184106817
NL42RABO0162431910
:86:/EREF/07-11-2025 11:18 7020114491561883/TRCD/100/ORDP//NAME/A.H.H
.M. Knippels eo J.M.A. Robbe/REMI/9059499210 7020114491561883 LH 
xui-78057964/PURP//CD/EPAY/ISDT/2025-11-07
:61:251107C000000001489,70N100EREF//OO9T005184106375
NL67RABO0315677589
:86:/EREF/07-11-2025 11:18 7020765988651409/TRCD/100/ORDP//NAME/H.C.M
. Tol eo G.J.M. Tol-van Vlaanderen/REMI/9059490050 70207659886514
09 SL xui-47957047/PURP//CD/EPAY/ISDT/2025-11-07
:61:251107C000000000226,40N100EREF//OO9T005184110805
NL37RABO0364305975
:86:/EREF/07-11-2025 11:19 7020405406649570/TRCD/100/ORDP//NAME/L.C.G
. Nooijen/REMI/9059501961 7020405406649570 KV xui-96076612/PURP//
CD/EPAY/ISDT/2025-11-07
:61:251107C000000003354,86N541NONREF//PEIP-20251107118
NL35ABNA0619197781
:86:/TRCD/541/ORDP//NAME/LET NIEL/REMI/Boekings nummer 6882170/ISDT/2
025-11-07
:61:251107C000000000408,32N100EREF//OO9T005184135718
NL65RABO0111149924
:86:/EREF/07-11-2025 11:26 7020736900409312/TRCD/100/ORDP//NAME/F.F. 
Stienissen/REMI/9059517297 7020736900409312 LH xui-88004982/PURP/
/CD/EPAY/ISDT/2025-11-07
:61:251107C000000000776,28N100EREF//43247611298
NL53INGB0704326736
:86:/EREF/07-11-2025 09:36 7020295406471049/TRCD/100/ORDP//NAME/Mw AM
 Kerkhof, Hr JR Broeren/REMI/9059228540 7020295406471049 VN/PURP/
/CD/EPAY/ISDT/2025-11-07
:61:251107C000000000796,36N100EREF//43247620074
NL10INGB0002400493
:86:/EREF/07-11-2025 09:40 7020425382410368/TRCD/100/ORDP//NAME/Mw CA
 van Buel/REMI/9059239953 7020425382410368 EH/PURP//CD/EPAY/ISDT/
2025-11-07
:61:251107C000000000020,00N100EREF//43247622552
NL37INGB0008928980
:86:/EREF/07-11-2025 09:40 7020865982500968/TRCD/100/ORDP//NAME/Mw S 
Ondras/REMI/9059237771 7020865982500968 VM/PURP//CD/EPAY/ISDT/202
5-11-07
:61:251107C000000001733,46N100EREF//43247621612
NL40INGB0006420021
:86:/EREF/07-11-2025 09:29 7020264794531502/TRCD/100/ORDP//NAME/Mw M 
Adamczyk-Sellmeijer/REMI/9059207634 7020264794531502 HB/PURP//CD/
EPAY/ISDT/2025-11-07
:61:251107C000000000486,50N100EREF//43247630406
NL65INGB0687154707
:86:/EREF/07-11-2025 09:48 7020645697530305/TRCD/100/ORDP//NAME/Hr BW
 van Essen,Mw R Vos/REMI/9059258911 7020645697530305 KV/PURP//CD/
EPAY/ISDT/2025-11-07
:61:251107C000000000366,46N100EREF//43247635483
NL47INGB0662035038
:86:/EREF/07-11-2025 09:15 7020206303531103/TRCD/100/ORDP//NAME/Mw PE
 Poelman-van der Weij, Hr JF Poelman/REMI/9059184587 702020630353
1103 SL/PURP//CD/EPAY/ISDT/2025-11-07
:61:251107C000000000295,10N100EREF//43247619894
NL83INGB0684656051
:86:/EREF/07-11-2025 09:20 7020704803559894/TRCD/100/ORDP//NAME/Hr BP
P Grasmaijer,Mw JJ van Zijl/REMI/9059194445 7020704803559894 MD/P
URP//CD/EPAY/ISDT/2025-11-07
:61:251107C000000001976,52N100EREF//OO9T005184165553
NL15RABO0113959168
:86:/EREF/07-11-2025 11:34 7020045100679720/TRCD/100/ORDP//NAME/M.J.G
. Blouw/REMI/9059538869 7020045100679720 BS xui-13108965/PURP//CD
/EPAY/ISDT/2025-11-07
:61:251107C000000000463,40N100EREF//OO9T005184170598
NL62RABO0142244783
:86:/EREF/07-11-2025 11:35 7020235700619171/TRCD/100/ORDP//NAME/A. Ak
ihary eo C.W.E. Hoekstra/REMI/9059538122 7020235700619171 LH xui-
14027547/PURP//CD/EPAY/ISDT/2025-11-07
:61:251107C000000000140,40N100EREF//OO9T005184174633
NL66RABO0380142449
:86:/EREF/07-11-2025 11:36 7020495082560614/TRCD/100/ORDP//NAME/S. St
rampel/REMI/9059548664 7020495082560614 HH xui-80591966/PURP//CD/
EPAY/ISDT/2025-11-07
:61:251107C000000000380,69N100EREF//OO9T005184177813
NL20RABO0328722316
:86:/EREF/07-11-2025 11:37 7020114500530362/TRCD/100/ORDP//NAME/E.R. 
van de Steeg/REMI/9059544305 7020114500530362 PZ xui-11915965/PUR
P//CD/EPAY/ISDT/2025-11-07
:61:251107C000000000458,00N100EREF//OO9T005184170308
NL33RABO0330904485
:86:/EREF/07-11-2025 11:35 7020576900679243/TRCD/100/ORDP//NAME/J. Ha
bets eo S.D.W. Lonissen/REMI/9059541643 7020576900679243 TH xui-3
8738643/PURP//CD/EPAY/ISDT/2025-11-07
:61:251107C000000000039,00N100EREF//OO9T005184214430
NL05RABO0313423261
:86:/EREF/07-11-2025 11:47 7020706600651169/TRCD/100/ORDP//NAME/E. He
ijkoop/ID/84196297/REMI/9059571662 7020706600651169 HH xui-565700
17/PURP//CD/EPAY/ISDT/2025-11-07
:61:251107C000000000639,48N100EREF//OO9T005184219178
NL87RABO0337490201
:86:/EREF/07-11-2025 11:48 7020186603531001/TRCD/100/ORDP//NAME/M. Ve
rweij eo D.F. van der Laan/REMI/9059575871 7020186603531001 EH xu
i-72403459/PURP//CD/EPAY/ISDT/2025-11-07
:61:251107C000000001242,28N100EREF//OO9T005184230629
NL82RABO0312216068
:86:/EREF/07-11-2025 11:51 7020034788561514/TRCD/100/ORDP//NAME/D. de
 Vriendt/REMI/9059585853 7020034788561514 PZ xui-76224277/PURP//C
D/EPAY/ISDT/2025-11-07
:61:251107C000000000295,35N100EREF//OO9T005184229007
NL44RABO0308989562
:86:/EREF/07-11-2025 11:51 7020455982591262/TRCD/100/ORDP//NAME/Multi
diensten Cris/REMI/9059582356 7020455982591262 MD xui-25071767/PU
RP//CD/EPAY/ISDT/2025-11-07
:61:251107C000000001694,90N100EREF//OO9T005184229016
NL24RABO0122258908
:86:/EREF/07-11-2025 11:51 7020596294681253/TRCD/100/ORDP//NAME/J.H. 
Bouwman eo J.J.M. Bouwman-Kwakman/REMI/9059578960 702059629468125
3 LH xui-20893299/PURP//CD/EPAY/ISDT/2025-11-07
:61:251107C000000000009,90N100EREF//OO9T005184232396
NL43RABO0101478062
:86:/EREF/07-11-2025 11:52 7020266000411778/TRCD/100/ORDP//NAME/B.E.M
. Janssen/REMI/9059587673 7020266000411778 HB xui-40979568/PURP//
CD/EPAY/ISDT/2025-11-07
:61:251107C000000000316,72N100EREF//43247726604
NL07ABNA0426614194
:86:/EREF/07-11-2025 09:33 7020136006409828/TRCD/100/ORDP//NAME/R HIL
BERTS CJ/REMI/9059226742 7020136006409828 BK/PURP//CD/EPAY/ISDT/2
025-11-07
:61:251107C000000000006,40N100EREF//43247723329
NL54ABNA0102836175
:86:/EREF/07-11-2025 09:38 7020004782561748/TRCD/100/ORDP//NAME/I FLI
PSEN/REMI/9059239080 7020004782561748 KV/PURP//CD/EPAY/ISDT/2025-
11-07
:61:251107C000000417231,89N541EREF//43247769465
DE88500700100175526303
:86:/EREF/YYW1046025404106 PP AFSCHRIJVING/TRCD/541/ORDP//NAME/PayPal
 (Europe) S.a r.l. et Cie, S.C.A./REMI/YYW1046025404106  PAYPAL/I
SDT/2025-11-07
:61:251107C000000000058,68N541EREF//43247780891
NL98DEUT0265294304
:86:/EREF/AMEXSCT95302039750533090457639T41/TRCD/541/ORDP//NAME/AMERI
CAN EXPRESS PAYMENTS EUROPE/REMI/AMEX/SE9530203975/DT284/GR60.15/
DI-1.47/CENTRE PARCS EUROPE N V/VALKENSWAARD/ISDT/2025-11-07
:61:251107C000000000283,14N541NONREF//43247773332
BE09103224631557
:86:/TRCD/541/ORDP//NAME/Mevr. Joy Mange/REMI/1469236/ISDT/2025-11-07
:61:251107C000000028624,36N541EREF//43247779744
NL98DEUT0265294304
:86:/EREF/AMEXSCT95301676750533090434139T41/TRCD/541/ORDP//NAME/AMERI
CAN EXPRESS PAYMENTS EUROPE/REMI/AMEX/SE9530167675/DT286/GR29433.
79/DI-809.43/CENTER PARCS EUROPE N V/VALKENSWAARD/ISDT/2025-11-07
:61:251107C000000000487,16N100EREF//OO9T005184260545
NL25RABO0342981226
:86:/EREF/07-11-2025 11:59 7020734809531310/TRCD/100/ORDP//NAME/L. Ru
ijgt/REMI/9059605196 7020734809531310 MD xui-48204320/PURP//CD/EP
AY/ISDT/2025-11-07
:61:251107C000000000396,60N100EREF//OO9T005184259904
NL38RABO0381319466
:86:/EREF/07-11-2025 11:59 7020244194649471/TRCD/100/ORDP//NAME/F.E. 
Honning/REMI/9059602651 7020244194649471 HB xui-30109488/PURP//CD
/EPAY/ISDT/2025-11-07
:61:251107C000000000360,08N100EREF//OO9T005184263307
NL91RABO0122980255
:86:/EREF/07-11-2025 12:00 7020136282440014/TRCD/100/ORDP//NAME/J.M.d
e Crom/ID/17259471/REMI/9059605302 7020136282440014 LH xui-101344
93/PURP//CD/EPAY/ISDT/2025-11-07
:61:251107C000000000250,00N100EREF//OO9T005184264207
NL85RABO0198002297
:86:/EREF/07-11-2025 12:00 7020746585410833/TRCD/100/ORDP//NAME/W.M. 
Aantjes/REMI/9059603561 7020746585410833 LH xui-40997210/PURP//CD
/EPAY/ISDT/2025-11-07
:61:251107C000000000200,00N100EREF//OO9T005184276764
NL92RABO0124942644
:86:/EREF/07-11-2025 12:04 7020796282440860/TRCD/100/ORDP//NAME/J. Si
eben eo D. Sieben- Leegwater/REMI/9059613276 7020796282440860 HH 
xui-75795220/PURP//CD/EPAY/ISDT/2025-11-07
:61:251107C000000004777,51N541EREF//43247780255
NL98DEUT0265294304
:86:/EREF/AMEXSCT95302044860533090457739T41/TRCD/541/ORDP//NAME/AMERI
CAN EXPRESS PAYMENTS EUROPE/REMI/AMEX/SE9530204486/DT286/GR4897.5
0/DI-119.99/CENTRE PARCS EUROPE N V/VALKENSWAARD/ISDT/2025-11-07
:61:251107C000000000849,81N541EREF//43247780256
NL98DEUT0265294304
:86:/EREF/AMEXSCT95302044860533090457939T41/TRCD/541/ORDP//NAME/AMERI
CAN EXPRESS PAYMENTS EUROPE/REMI/AMEX/SE9530204486/DT284/GR871.16
/DI-21.35/CENTRE PARCS EUROPE N V/VALKENSWAARD/ISDT/2025-11-07
:61:251107C000000000689,91N541EREF//43247780764
NL98DEUT0265294304
:86:/EREF/AMEXSCT95302039750533090457539T41/TRCD/541/ORDP//NAME/AMERI
CAN EXPRESS PAYMENTS EUROPE/REMI/AMEX/SE9530203975/DT286/GR707.24
/DI-17.33/CENTRE PARCS EUROPE N V/VALKENSWAARD/ISDT/2025-11-07
:61:251107C000000001248,86N541EREF//43247780633
NL98DEUT0265294304
:86:/EREF/AMEXSCT95301676830533090434439T41/TRCD/541/ORDP//NAME/AMERI
CAN EXPRESS PAYMENTS EUROPE/REMI/AMEX/SE9530167683/DT284/GR1284.1
8/DI-35.32/CENTER PARCS EUROPE N V/VALKENSWAARD/ISDT/2025-11-07
:61:251107C000000001707,40N541EREF//43247780130
NL98DEUT0265294304
:86:/EREF/AMEXSCT95302044860533090457839T41/TRCD/541/ORDP//NAME/AMERI
CAN EXPRESS PAYMENTS EUROPE/REMI/AMEX/SE9530204486/DT285/GR1750.2
8/DI-42.88/CENTRE PARCS EUROPE N V/VALKENSWAARD/ISDT/2025-11-07
:61:251107C000000014401,14N541EREF//43247780759
NL98DEUT0265294304
:86:/EREF/AMEXSCT95301676750533090434339T41/TRCD/541/ORDP//NAME/AMERI
CAN EXPRESS PAYMENTS EUROPE/REMI/AMEX/SE9530167675/DT285/GR14808.
36/DI-407.22/CENTER PARCS EUROPE N V/VALKENSWAARD/ISDT/2025-11-07
:61:251107C000000019105,07N541EREF//43247780632
NL98DEUT0265294304
:86:/EREF/AMEXSCT95301676750533090434239T41/TRCD/541/ORDP//NAME/AMERI
CAN EXPRESS PAYMENTS EUROPE/REMI/AMEX/SE9530167675/DT284/GR19645.
31/DI-540.24/CENTER PARCS EUROPE N V/VALKENSWAARD/ISDT/2025-11-07
:61:251107C000000000990,46N541EREF//OO9T005184311898
NL67RABO0336459742
:86:/EREF/OO9B005184311898/PREF/OO9B005184311898/TRCD/541/ORDP//NAME/
U. de Groot eo G.J.M. de Groot-Valkering/REMI/Reserveringsnummer 
8161238/ISDT/2025-11-07
:61:251107C000000001980,92N541EREF//OO9T005184322060
NL67RABO0336459742
:86:/EREF/OO9B005184322060/PREF/OO9B005184322060/TRCD/541/ORDP//NAME/
U. de Groot eo G.J.M. de Groot-Valkering/REMI/Reserveringsnummer 
8162261/ISDT/2025-11-07
:61:251107C000000000938,00N100EREF//OO9T005184324483
NL59RABO0351159266
:86:/EREF/07-11-2025 12:16 7020196306499324/TRCD/100/ORDP//NAME/R. St
am eo L. Stam-Bakker/ID/74307738/REMI/9059649867 7020196306499324
 LA xui-22018562/PURP//CD/EPAY/ISDT/2025-11-07
:61:251107C000000000861,30N100EREF//OO9T005184360402
NL93RABO0363916385
:86:/EREF/07-11-2025 12:26 7020555991679054/TRCD/100/ORDP//NAME/S.S. 
van der Veen en of S. Van der Veen-Bremer/REMI/9059672960 7020555
991679054 HH xui-12133079/PURP//CD/EPAY/ISDT/2025-11-07
:61:251107C000000000682,10N100EREF//OO9T005184362911
NL39RABO0309031362
:86:/EREF/07-11-2025 12:26 7020464197679330/TRCD/100/ORDP//NAME/E. Br
emer en of A.C. Bremer-Geerligs/REMI/9059668401 7020464197679330 
HH xui-99897441/PURP//CD/EPAY/ISDT/2025-11-07
:61:251107C000000000575,80N100EREF//OO9T005184375512
NL52RABO0127991395
:86:/EREF/07-11-2025 12:30 7020644500560122/TRCD/100/ORDP//NAME/R.C.G
.B. Alofs eo M.P.W.A. Alofs-Jansen/REMI/9059678230 70206445005601
22 ZV xui-22881406/PURP//CD/EPAY/ISDT/2025-11-07
:61:251107C000000000609,65N100EREF//OO9T005184380445
NL63RABO0113967519
:86:/EREF/07-11-2025 12:31 7020535400559366/TRCD/100/ORDP//NAME/A. Ha
lbersma/REMI/9059681276 7020535400559366 HH xui-68026259/PURP//CD
/EPAY/ISDT/2025-11-07
:61:251107C000000000043,95N100EREF//43247875202
NL31INGB0797800212
:86:/EREF/07-11-2025 10:50 7020396600620707/TRCD/100/ORDP//NAME/Mw LD
C Jansen/REMI/9059420204 7020396600620707 AR/PURP//CD/EPAY/ISDT/2
025-11-07
:61:251107C000000000026,95N100EREF//43247916109
NL24INGB0795853548
:86:/EREF/07-11-2025 10:55 7020975709619312/TRCD/100/ORDP//NAME/Hr N 
van der Zeeuw/REMI/9059433920 7020975709619312 KV/PURP//CD/EPAY/I
SDT/2025-11-07
:61:251107C000000000004,95N100EREF//43247900401
NL11INGB0007780580
:86:/EREF/07-11-2025 10:41 7020286891679621/TRCD/100/ORDP//NAME/Mw RE
 Verbeek/REMI/9059401049 7020286891679621 HB/PURP//CD/EPAY/ISDT/2
025-11-07
:61:251107C000000000516,24N100EREF//43247912537
NL79INGB0663743699
:86:/EREF/07-11-2025 10:11 7020034500619774/TRCD/100/ORDP//NAME/Hr M 
Molenaar, Mw EN Janssen/REMI/9059319163 7020034500619774 MD/PURP/
/CD/EPAY/ISDT/2025-11-07
:61:251107C000000000256,72N100EREF//43247910810
NL70INGB0008807718
:86:/EREF/07-11-2025 10:04 7020244209679663/TRCD/100/ORDP//NAME/Mw YM
G Gubbels-de Bakker, Hr PF Gubbels/REMI/9059306753 70202442096796
63 MD/PURP//CD/EPAY/ISDT/2025-11-07
:61:251107C000000000076,50N100EREF//43247905945
NL67INGB0006461827
:86:/EREF/07-11-2025 09:56 7020275697529534/TRCD/100/ORDP//NAME/Mw EF
 de Roode-Toret, Hr DVDD de Roode/REMI/9059283045 702027569752953
4 LH/PURP//CD/EPAY/ISDT/2025-11-07
:61:251107C000000000250,00N100EREF//43247918510
NL35INGB0003902088
:86:/EREF/07-11-2025 10:42 7020455994471625/TRCD/100/ORDP//NAME/Mw J 
D Peeters-ten Kley/REMI/9059398906 7020455994471625 LH/PURP//CD/E
PAY/ISDT/2025-11-07
:61:251107C000000000642,30N100EREF//43247919761
NL96INGB0107564017
:86:/EREF/07-11-2025 10:19 7020205403651100/TRCD/100/ORDP//NAME/Mw KH
T Dubbelman,Hr KAR van Schie/REMI/9059341273 7020205403651100 VM/
PURP//CD/EPAY/ISDT/2025-11-07
:61:251107C000000000431,24N100EREF//43247919812
NL92INGB0002639480
:86:/EREF/07-11-2025 10:10 7020586294680866/TRCD/100/ORDP//NAME/De he
er J Duk en Mevr A C Duk-Devilee/REMI/9059310345 7020586294680866
 LH/PURP//CD/EPAY/ISDT/2025-11-07
:61:251107C000000000317,56N100EREF//43247959796
NL23SNSB0940881411
:86:/EREF/2025-11-06T16:33 7020384197414691/TRCD/100/ORDP//NAME/R. Ro
de e/o S.N. Rode-Steenhuis/REMI/9057822441 7020384197414691 KV/PU
RP//CD/EPAY/ISDT/2025-11-07
:61:251107C000000000044,90N100EREF//43248003184
NL78SNSB0922961999
:86:/EREF/2025-11-06T19:05 7020355385622459/TRCD/100/ORDP//NAME/M. Ve
ld e/o D. Smorenburg/REMI/9058164981 7020355385622459 HB/PURP//CD
/EPAY/ISDT/2025-11-07
:61:251107C000000000436,11N100EREF//43248003652
NL64ASNB8832735717
:86:/EREF/2025-11-06T19:26 7020326288473713/TRCD/100/ORDP//NAME/K.S. 
van den Boogaard/REMI/9058214831 7020326288473713 PZ/PURP//CD/EPA
Y/ISDT/2025-11-07
:61:251107C000000000460,30N100EREF//43247988032
NL18ASNB0708697291
:86:/EREF/2025-11-06T18:52 7020014794533815/TRCD/100/ORDP//NAME/J.L. 
Dolphijn/REMI/9058128909 7020014794533815 LH/PURP//CD/EPAY/ISDT/2
025-11-07
:61:251107C000000000546,56N541NONREF//PEIP-20251107118
NL05ABNA0881078824
:86:/TRCD/541/ORDP//NAME/KH WEIS CJ/REMI/Boekingsnr.: 5717081/ISDT/20
25-11-07
:61:251107C000000000342,70N100EREF//OO9T005184386798
NL65RABO0356433048
:86:/EREF/07-11-2025 12:33 7020535706531571/TRCD/100/ORDP//NAME/M. Ta
bak - Bremer/REMI/9059690646 7020535706531571 HH xui-88328333/PUR
P//CD/EPAY/ISDT/2025-11-07
:61:251107C000000000152,00N100EREF//OO9T005184414284
NL87RABO0101789513
:86:/EREF/07-11-2025 12:40 7020086588469246/TRCD/100/ORDP//NAME/J.M. 
Smalheer/REMI/9059709793 7020086588469246 TH xui-99500381/PURP//C
D/EPAY/ISDT/2025-11-07
:61:251107C000000001858,60N541EREF//OO9T005184426913
NL63RABO0140459480
:86:/EREF/OO9B005184426913/PREF/OO9B005184426913/TRCD/541/ORDP//NAME/
V.H. Verbeek/REMI/8289927/ISDT/2025-11-07
:61:251107C000000000250,00N100EREF//OO9T005184437218
NL32RABO0321575334
:86:/EREF/07-11-2025 12:46 7020366900441505/TRCD/100/ORDP//NAME/G.D. 
Drost/REMI/9059719409 7020366900441505 LH xui-48976612/PURP//CD/E
PAY/ISDT/2025-11-07
:61:251107C000000000305,95N541EREF//OO9T005184448915
NL71RABO0135843979
:86:/EREF/OO9B005184448915/PREF/OO9B005184448915/TRCD/541/ORDP//NAME/
J. Hofman/REMI/4805522/ISDT/2025-11-07
:61:251107C000000000798,94N541NONREF//PEIP-20251107118
NL03ABNA0628537808
:86:/TRCD/541/ORDP//NAME/S KORTSMIT/REMI/reserveringsnummer:7038949/I
SDT/2025-11-07
:61:251107C000000000638,04N100EREF//OO9T005184456018
NL84RABO0151859221
:86:/EREF/07-11-2025 12:50 7020666888619270/TRCD/100/ORDP//NAME/J. Ha
rtman/REMI/9059734030 7020666888619270 KM xui-43884282/PURP//CD/E
PAY/ISDT/2025-11-07
:61:251107C000000000267,96N541EREF//OO9T005184468628
NL07RABO0381606465
:86:/EREF/OO9B005184468628/PREF/OO9B005184468628/TRCD/541/ORDP//NAME/
A.T. van Meegen eo N. van Meegen-van Batavia/REMI/Boekingsnummer 
5950229/ISDT/2025-11-07
:61:251107C000000000402,88N100EREF//43248162137
NL85ABNA0426405404
:86:/EREF/07-11-2025 10:42 7020326006591790/TRCD/100/ORDP//NAME/J HUB
BERS/REMI/9059395277 7020326006591790 LH/PURP//CD/EPAY/ISDT/2025-
11-07
:61:251107C000000000351,28N100EREF//43248160549
NL65ABNA0407018859
:86:/EREF/07-11-2025 10:09 7020886003469507/TRCD/100/ORDP//NAME/WMP M
AAS/REMI/9059315560 7020886003469507 MD/PURP//CD/EPAY/ISDT/2025-1
1-07
:61:251107C000000001636,20N100EREF//43248166740
NL83ABNA0809162881
:86:/EREF/07-11-2025 10:31 7020314785501988/TRCD/100/ORDP//NAME/SNIK 
D A C/REMI/9059375212 7020314785501988 ZV/PURP//CD/EPAY/ISDT/2025
 11-07
:61:251107C000000000051,00N100EREF//43248166437
NL72ABNA0608770779
:86:/EREF/07-11-2025 10:16 7020074200439606/TRCD/100/ORDP//NAME/THOMA
S KOUWENBERG CJ/REMI/9059334226 7020074200439606 HH/PURP//CD/EPAY
/ISDT/2025-11-07
:61:251107C000000000772,32N100EREF//43248165178
NL51ABNA0804242453
:86:/EREF/07-11-2025 10:14 7020135088591808/TRCD/100/ORDP//NAME/HOEBE
KE M/REMI/9059324249 7020135088591808 LH/PURP//CD/EPAY/ISDT/2025-
11-07
:61:251107C000000000250,00N100EREF//43248165635
NL85ABNA0426405404
:86:/EREF/07-11-2025 10:51 7020796297589816/TRCD/100/ORDP//NAME/J HUB
BERS/REMI/9059421150 7020796297589816 LH/PURP//CD/EPAY/ISDT/2025-
11-07
:61:251107C000000000250,00N100EREF//43248167892
NL42ABNA0568973577
:86:/EREF/07-11-2025 10:14 7020186585559780/TRCD/100/ORDP//NAME/HJJ V
 OVERDIJK DEN OUDEN/REMI/9059330290 7020186585559780 LH/PURP//CD/
EPAY/ISDT/2025-11-07
:61:251107C000000000294,00N100EREF//43248167868
NL21ABNA0430284519
:86:/EREF/07-11-2025 10:15 7020195082589441/TRCD/100/ORDP//NAME/OOSTD
IJK A R/REMI/9059324422 7020195082589441 LH/PURP//CD/EPAY/ISDT/20
25-11-07
:61:251107C000000002118,40N541NONREF//PEIP-20251107118
NL29RBRB8841990570
:86:/TRCD/541/ORDP//NAME/A.J.M. van der Avoird e/o S.C.A. van der Avo
ird-Fonville/REMI/1776455/ISDT/2025-11-07
:61:251107C000000000231,60N100EREF//OO9T005184491481
NL66RABO0366163876
:86:/EREF/07-11-2025 12:59 7020614194589042/TRCD/100/ORDP//NAME/J.M.D
. Portier/REMI/9059755108 7020614194589042 ZV xui-23485058/PURP//
CD/EPAY/ISDT/2025-11-07
:61:251107C000000001105,90N100EREF//OO9T005184503776
NL52RABO0369476484
:86:/EREF/07-11-2025 13:01 7020516591411445/TRCD/100/ORDP//NAME/R.J. 
'T Hooft/REMI/9059761684 7020516591411445 HE xui-99759509/PURP//C
D/EPAY/ISDT/2025-11-07
:61:251107C000000000059,00N100EREF//43248149273
NL54ABNA0102836175
:86:/EREF/07-11-2025 10:11 7020376897530929/TRCD/100/ORDP//NAME/I FLI
PSEN/REMI/9059318427 7020376897530929 KV/PURP//CD/EPAY/ISDT/2025-
11-07
:61:251107C000000000102,90N100EREF//43248149746
NL12ABNA0480100292
:86:/EREF/07-11-2025 10:41 7020835391411415/TRCD/100/ORDP//NAME/SJ ST
RIJKER/REMI/9059394981 7020835391411415 ZV/PURP//CD/EPAY/ISDT/202
5-11-07
:61:251107C000000001069,50N100EREF//43248169012
NL94KNAB0417498241
:86:/EREF/2025-11-07T09:01 7020406288439939/TRCD/100/ORDP//NAME/Maria
nne Martens - Niemeye/REMI/9059298476 7020406288439939 HH/PURP//C
D/EPAY/ISDT/2025-11-07
:61:251107C000000000033,80N100EREF//43248149708
NL60ABNA0438673638
:86:/EREF/07-11-2025 10:36 7020105106409147/TRCD/100/ORDP//NAME/A O S
CHEERS CJ/REMI/9059384300 7020105106409147 VN/PURP//CD/EPAY/ISDT/
2025-11-07
:61:251107C000000000244,00N100EREF//OO9T005184534727
NL24RABO0132577380
:86:/EREF/07-11-2025 13:09 7020245997620422/TRCD/100/ORDP//NAME/Laboc
lean B.V./REMI/9059775849 7020245997620422 KV xui-98062673/PURP//
CD/EPAY/ISDT/2025-11-07
:61:251107C000000000446,54N100EREF//OO9T005184564916
NL40RABO0392486652
:86:/EREF/07-11-2025 13:17 7020216891499093/TRCD/100/ORDP//NAME/F. Ba
kker eo N.D.M. Bakker-Rouw/REMI/9059795279 7020216891499093 PZ xu
i-43080873/PURP//CD/EPAY/ISDT/2025-11-07
:61:251107C000000000187,36N100EREF//OO9T005184578901
NL23RABO0369077172
:86:/EREF/07-11-2025 13:20 7020046600469525/TRCD/100/ORDP//NAME/B. va
n der Weele/REMI/9059806460 7020046600469525 KM xui-42820880/PURP
//CD/EPAY/ISDT/2025-11-07
:61:251107C000000000060,90N100EREF//OO9T005184593517
NL50RABO0386956308
:86:/EREF/07-11-2025 13:24 7020256909651202/TRCD/100/ORDP//NAME/M. Ka
ptein/REMI/9059816065 7020256909651202 KV xui-49159925/PURP//CD/E
PAY/ISDT/2025-11-07
:61:251107C000000000250,00N100EREF//OO9T005184593551
NL52RABO0391738178
:86:/EREF/07-11-2025 13:24 7020215382410113/TRCD/100/ORDP//NAME/R.J.M
.H.E. Straat eo A.W.A. Straat-Seezink/REMI/9059810240 70202153824
10113 MD xui-91611995/PURP//CD/EPAY/ISDT/2025-11-07
:61:251107C000000000237,00N541NONREF//PEIP-20251107118
NL42SNSB0706231473
:86:/TRCD/541/ORDP//NAME/C.L.P.R. van Klaveren e/o G.A.W. de Jong/REM
I/Boekings nr 2819601  C.Klaveren 30 november Kempense meren/ISDT
/2025-11-07
:61:251107C000000000077,00N541NONREF//PEIP-20251107118
NL98INGB0003683189
:86:/TRCD/541/ORDP//NAME/Hr FE van den Bunt,JJ van den Bunt-van Harte
n/REMI/reserveringsnummer 1728213 eigenarenweekend sandur/ISDT/20
25-11-07
:61:251107C000000000334,83N100EREF//43248312332
NL18INGB0009130209
:86:/EREF/07-11-2025 11:43 7020476594441106/TRCD/100/ORDP//NAME/Hr T 
S van Oorsouw/REMI/9059563379 7020476594441106 AR/PURP//CD/EPAY/I
SDT/2025-11-07
:61:251107C000000000089,25N100EREF//43248314235
NL46INGB0004083959
:86:/EREF/07-11-2025 11:11 7020825706440065/TRCD/100/ORDP//NAME/Hr PJ
 Kohler, Mw EA Kohler-Bos/REMI/9059480642 7020825706440065 EP/PUR
P//CD/EPAY/ISDT/2025-11-07
:61:251107C000000000390,64N100EREF//43248258466
NL76INGB0665349491
:86:/EREF/07-11-2025 11:09 7020374203680668/TRCD/100/ORDP//NAME/Hr J 
van Oosterwijk/REMI/9059469122 7020374203680668 LH/PURP//CD/EPAY/
ISDT/2025-11-07
:61:251107C000000000908,80N100EREF//43248258622
NL80INGB0654306842
:86:/EREF/07-11-2025 11:09 7020805682621772/TRCD/100/ORDP//NAME/Hr PW
 Husmann,Mw MM van Boekel/REMI/9059476374 7020805682621772 VM/PUR
P//CD/EPAY/ISDT/2025-11-07
:61:251107C000000000250,00N100EREF//43248311216
NL89INGB0006155590
:86:/EREF/07-11-2025 11:41 7020984482679768/TRCD/100/ORDP//NAME/Mw EA
 Looijen/REMI/9059557795 7020984482679768 VN/PURP//CD/EPAY/ISDT/2
025-11-07
:61:251107C000000000664,50N100EREF//43248317439
NL23INGB0664034543
:86:/EREF/07-11-2025 11:52 7020514182559900/TRCD/100/ORDP//NAME/Mw K 
Klein/REMI/9059587734 7020514182559900 VN/PURP//CD/EPAY/ISDT/2025
 11-07
:61:251107C000000000726,05N100EREF//43248256804
NL56INGB0007445120
:86:/EREF/07-11-2025 11:28 7020206894469231/TRCD/100/ORDP//NAME/Mw J 
H Kruyt/REMI/9059525725 7020206894469231 KV/PURP//CD/EPAY/ISDT/20
25-11-07
:61:251107C000000002129,80N100EREF//43248259650
NL82INGB0008402915
:86:/EREF/07-11-2025 11:06 7020206891530827/TRCD/100/ORDP//NAME/Mw S 
Middendorp/REMI/9059463600 7020206891530827 ZV/PURP//CD/EPAY/ISDT
/2025-11-07
:61:251107C000000001261,60N100EREF//43248330655
NL80INGB0668605030
:86:/EREF/07-11-2025 11:25 7020356903531142/TRCD/100/ORDP//NAME/Mw S 
Crooijmans, Hr RJB Martens/REMI/9059519209 7020356903531142 ZV/PU
RP//CD/EPAY/ISDT/2025-11-07
:61:251107C000000001418,97N100EREF//43248332929
NL04INGB0004140878
:86:/EREF/07-11-2025 11:23 7020684197559135/TRCD/100/ORDP//NAME/Hr HA
M Stassen,MAH Stassen-van Meulebrouk/REMI/9059512929 702068419755
9135 EH/PURP//CD/EPAY/ISDT/2025-11-07
:61:251107C000000000280,60N100EREF//43248332944
NL75INGB0008337566
:86:/EREF/07-11-2025 11:19 7020366288411178/TRCD/100/ORDP//NAME/Mw M 
Bloks/REMI/9059502532 7020366288411178 LH/PURP//CD/EPAY/ISDT/2025
 11-07
:61:251107C000000000076,50N100EREF//43248336752
NL62INGB0700807705
:86:/EREF/07-11-2025 11:46 7020404791501568/TRCD/100/ORDP//NAME/Mw NC
M Kamerman-Juffermans,Hr EG Kamerman/REMI/9059572507 702040479150
1568 HB/PURP//CD/EPAY/ISDT/2025-11-07
:61:251107C000000000116,40N100EREF//43248337286
NL09INGB0655249214
:86:/EREF/07-11-2025 11:03 7020775700531709/TRCD/100/ORDP//NAME/Mw R 
Kuijpers, Hr C Lommen/REMI/9059458257 7020775700531709 MD/PURP//C
D/EPAY/ISDT/2025-11-07
:61:251107C000000000025,00N100EREF//43248337388
NL07INGB0009351955
:86:/EREF/07-11-2025 11:49 7020144803411253/TRCD/100/ORDP//NAME/Mw PE
J Meiland-de Jong/REMI/9059576047 7020144803411253 PZ/PURP//CD/EP
AY/ISDT/2025-11-07
:61:251107C000000000465,00N100EREF//43248333595
NL94INGB0673600084
:86:/EREF/07-11-2025 11:19 7020636885500185/TRCD/100/ORDP//NAME/Hr DF
S van der Sluijs/REMI/9059496115 7020636885500185 EP/PURP//CD/EPA
Y/ISDT/2025-11-07
:61:251107C000000000028,00N100EREF//43248333901
NL51INGB0003566180
:86:/EREF/07-11-2025 11:24 7020546288650857/TRCD/100/ORDP//NAME/Hr GJ
 Burgers/REMI/9059510912 7020546288650857 ZV/PURP//CD/EPAY/ISDT/2
025-11-07
:61:251107C000000000100,00N541NONREF//PEIP-20251107118
NL54INGB0005751148
:86:/TRCD/541/ORDP//NAME/Hr F A E G Lewicki/REMI/reserveringsnr 19165
13 Lewicki/ISDT/2025-11-07
:61:251107C000000000619,80N100EREF//OO9T005184631226
NL11RABO0393413330
:86:/EREF/07-11-2025 13:34 7020646582680692/TRCD/100/ORDP//NAME/E.J.M
. Jansen eo I. Jansen- van der Molen/REMI/9059836830 702064658268
0692 EH xui-11709141/PURP//CD/EPAY/ISDT/2025-11-07
:61:251107C000000000400,00N541NONREF//PEIP-20251107118
NL29ABNA0407663878
:86:/TRCD/541/ORDP//NAME/PCA DE JONG/REMI/2085831 reservering huttenh
eugte 8mei t/m 15 mei 2026/ISDT/2025-11-07
:61:251107C000000000527,60N541EREF//OO9T005184641456
NL06RABO0181238918
:86:/EREF/OO9B005184641456/PREF/OO9B005184641456/TRCD/541/ORDP//NAME/
J.C.L.M. Keunen/REMI/977788/ISDT/2025-11-07
:61:251107C000000000413,44N100EREF//OO9T005184647066
NL70RABO0103658815
:86:/EREF/07-11-2025 13:38 7020854206621349/TRCD/100/ORDP//NAME/K.L.W
. van Seggelen/REMI/9059847192 7020854206621349 LH xui-10145723/P
URP//CD/EPAY/ISDT/2025-11-07
:61:251107C000000000027,64N100EREF//OO9T005184654244
NL71RABO0189933410
:86:/EREF/07-11-2025 13:40 7020794785501286/TRCD/100/ORDP//NAME/E.W.G
. Albertus-Hendriks/REMI/9059854444 7020794785501286 BT xui-43979
919/PURP//CD/EPAY/ISDT/2025-11-07
:61:251107C000000000625,49N541NONREF//PEIP-20251107118
NL33INGB0002287559
:86:/TRCD/541/ORDP//NAME/Mw IA Bodeker/REMI/Aanbetaling reserveringsn
r 9386255/ISDT/2025-11-07
:61:251107C000000000854,60N100EREF//OO9T005184668695
NL78RABO0126762228
:86:/EREF/07-11-2025 13:44 7020595085651379/TRCD/100/ORDP//NAME/Ailee
n IJdo/REMI/9059858683 7020595085651379 SR xui-39567270/PURP//CD/
EPAY/ISDT/2025-11-07
:61:251107C000000000302,70N100EREF//OO9T005184676492
NL96RABO0108384284
:86:/EREF/07-11-2025 13:46 7020594482589057/TRCD/100/ORDP//NAME/C. Wi
llemse/REMI/9059865346 7020594482589057 EP xui-37679546/PURP//CD/
EPAY/ISDT/2025-11-07
:61:251107C000000000345,56N100EREF//OO9T005184680268
NL16RABO0174358237
:86:/EREF/07-11-2025 13:47 7020466597591934/TRCD/100/ORDP//NAME/L.M.J
. Peeters eo J.D. ten Kleij/REMI/9059864004 7020466597591934 LH x
ui-11218567/PURP//CD/EPAY/ISDT/2025-11-07
:61:251107C000000001442,55N100EREF//OO9T005184688039
NL62RABO0341618292
:86:/EREF/07-11-2025 13:49 7020356009530764/TRCD/100/ORDP//NAME/P.C. 
Struijk/REMI/9059871750 7020356009530764 HH xui-60012296/PURP//CD
/EPAY/ISDT/2025-11-07
:61:251107C000000000015,00N100EREF//OO9T005184697431
NL80RABO0330786075
:86:/EREF/07-11-2025 13:52 7020385688471805/TRCD/100/ORDP//NAME/E. He
ida/REMI/9059879399 7020385688471805 HH xui-88169140/PURP//CD/EPA
Y/ISDT/2025-11-07
:61:251107C000000000414,40N100EREF//OO9T005184697189
NL92RABO0187638594
:86:/EREF/07-11-2025 13:52 7020186300619060/TRCD/100/ORDP//NAME/M.M.W
. Boonen/REMI/9059879406 7020186300619060 MD xui-80701205/PURP//C
D/EPAY/ISDT/2025-11-07
:61:251107C000000000025,00N100EREF//43248419760
NL63ABNA0473966646
:86:/EREF/07-11-2025 11:13 7020426585559810/TRCD/100/ORDP//NAME/ROS D
OKTER CJ/REMI/9059483350 7020426585559810 KV/PURP//CD/EPAY/ISDT/2
025-11-07
:61:251107C000000000103,80N100EREF//43248420597
NL58ABNA0500971536
:86:/EREF/07-11-2025 11:13 7020234788559093/TRCD/100/ORDP//NAME/M AUG
USTIJN CJ/REMI/9059477459 7020234788559093 ZV/PURP//CD/EPAY/ISDT/
2025-11-07
:61:251107C000000000016,00N100EREF//43248416159
NL51ABNA0455575274
:86:/EREF/07-11-2025 11:46 7020695982531199/TRCD/100/ORDP//NAME/AACM 
VAN BEEK/REMI/9059570413 7020695982531199 TH/PURP//CD/EPAY/ISDT/2
025-11-07
:61:251107C000000001419,20N100EREF//43248420736
NL79ABNA0890874492
:86:/EREF/07-11-2025 11:26 7020386882560860/TRCD/100/ORDP//NAME/WJA A
GTERBERG/REMI/9059517410 7020386882560860 ZV/PURP//CD/EPAY/ISDT/2
025-11-07
:61:251107C000000000386,10N100EREF//43248421666
NL19ABNA0561300127
:86:/EREF/07-11-2025 11:49 7020316600680308/TRCD/100/ORDP//NAME/A BOO
T BROUWER CJ/REMI/9059575150 7020316600680308 LH/PURP//CD/EPAY/IS
DT/2025-11-07
:61:251107C000000000435,10N100EREF//43248418631
NL15ABNA0631988270
:86:/EREF/07-11-2025 11:11 7020266582679507/TRCD/100/ORDP//NAME/COVE 
R CJ/REMI/9059480682 7020266582679507 SR/PURP//CD/EPAY/ISDT/2025-
11-07
:61:251107C000000000049,98N100EREF//43248423716
NL45RBRB8835710405
:86:/EREF/2025-11-06T16:19 7020105394683782/TRCD/100/ORDP//NAME/P. Do
ornebos-Leenders e/o R. Doornebos/REMI/9057785295 702010539468378
2 HB/PURP//CD/EPAY/ISDT/2025-11-07
:61:251107C000000000016,00N100EREF//43248425236
NL47SNSB0858092158
:86:/EREF/2025-11-06T15:52 7020165406653251/TRCD/100/ORDP//NAME/A.M.M
. van Ginneken e/o P.P.E. Bleus/REMI/9057721795 7020165406653251 
TH/PURP//CD/EPAY/ISDT/2025-11-07
:61:251107C000000000040,00N100EREF//43248425181
NL33RBRB0778227529
:86:/EREF/2025-11-06T16:27 7020135106564814/TRCD/100/ORDP//NAME/S.D. 
Soer/REMI/9057803679 7020135106564814 EP/PURP//CD/EPAY/ISDT/2025-
11-07
:61:251107C000000000907,20N100EREF//43248426577
NL70SNSB0320147592
:86:/EREF/2025-11-06T20:03 7020826882654847/TRCD/100/ORDP//NAME/R.M. 
Boersma e/o D. Asvestas/REMI/9058283679 7020826882654847 HH/PURP/
/CD/EPAY/ISDT/2025-11-07
:61:251107C000000000801,60N100EREF//43248427541
NL07SNSB0909146985
:86:/EREF/2025-11-06T20:09 7020824797652636/TRCD/100/ORDP//NAME/D. va
n Hinte e/o M. Middelkoop/REMI/9058304664 7020824797652636 KV/PUR
P//CD/EPAY/ISDT/2025-11-07
:61:251107C000000000611,50N100EREF//43248427615
NL59SNSB0902272144
:86:/EREF/2025-11-06T20:27 7020295994503977/TRCD/100/ORDP//NAME/C. va
n Loenen e/o Y. van den Bovenkamp/REMI/9058336953 702029599450397
7 VN/PURP//CD/EPAY/ISDT/2025-11-07
:61:251107C000000001403,70N100EREF//43248429254
NL85ASNB8831435442
:86:/EREF/2025-11-06T22:08 7020396891623068/TRCD/100/ORDP//NAME/I.S. 
ter Huurne-van IJs e/o E. van IJs/REMI/9058533188 702039689162306
8 BT/PURP//CD/EPAY/ISDT/2025-11-07
:61:251107C000000000273,20N100EREF//43248428834
NL22SNSB0705847810
:86:/EREF/2025-11-06T19:50 7020494809623803/TRCD/100/ORDP//NAME/N.R.M
. Kerkhoffs e/o A.L.A. Hollanders/REMI/9058266907 702049480962380
3 KM/PURP//CD/EPAY/ISDT/2025-11-07
:61:251107C000000000396,24N100EREF//43248430580
NL82RBRB0695335006
:86:/EREF/2025-11-06T22:01 7020625703652393/TRCD/100/ORDP//NAME/J.N. 
de Kok-de Meulmeester e/o B. de Kok/REMI/9058519180 7020625703652
393 EH/PURP//CD/EPAY/ISDT/2025-11-07
:61:251107C000000000384,90N100EREF//43248430151
NL55SNSB0957313993
:86:/EREF/2025-11-06T21:44 7020254785564925/TRCD/100/ORDP//NAME/T. va
n de Water/REMI/9058485677 7020254785564925 HB/PURP//CD/EPAY/ISDT
/2025-11-07
:61:251107C000000000456,20N100EREF//43248430187
NL11RBRB0706353447
:86:/EREF/2025-11-06T21:58 7020654197594643/TRCD/100/ORDP//NAME/B.J.J
. Kanters e/o M.A.J. Thijssen/REMI/9058513651 7020654197594643 EP
/PURP//CD/EPAY/ISDT/2025-11-07
:61:251107C000000000768,12N100EREF//43248431712
NL73SNSB0947034676
:86:/EREF/2025-11-06T21:54 7020334182592318/TRCD/100/ORDP//NAME/B.A.M
. van Sluis/REMI/9058503425 7020334182592318 EH/PURP//CD/EPAY/ISD
T/2025-11-07
:61:251107C000000001084,60N100EREF//43248431781
NL04ASNB0772923086
:86:/EREF/2025-11-06T22:24 7020476903593308/TRCD/100/ORDP//NAME/M.L. 
Barnier e/o S.T. Dijkema/REMI/9058556300 7020476903593308 HH/PURP
//CD/EPAY/ISDT/2025-11-07
:61:251107C000000000231,25N100EREF//43248430961
NL71ASNB0950388521
:86:/EREF/2025-11-06T22:00 7020634506503899/TRCD/100/ORDP//NAME/B. Lu
ttikhuis e/o E.J.M. Smit/REMI/9058519013 7020634506503899 HB/PURP
//CD/EPAY/ISDT/2025-11-07
:61:251107C000000000529,10N100EREF//43248431150
NL07SNSB0339779586
:86:/EREF/2025-11-06T21:59 7020855709472462/TRCD/100/ORDP//NAME/I.A.A
. Douque/REMI/9058513894 7020855709472462 HH/PURP//CD/EPAY/ISDT/2
025-11-07
:61:251107C000000000040,15N100EREF//43248431783
NL53ASNB0782862667
:86:/EREF/2025-11-06T22:25 7020615382474232/TRCD/100/ORDP//NAME/N.A. 
Pirson e/o P.J.M. Karssing/REMI/9058559197 7020615382474232 KV/PU
RP//CD/EPAY/ISDT/2025-11-07
:61:251107C000000000316,60N100EREF//43248359991
NL33ABNA0499983750
:86:/EREF/07-11-2025 11:48 7020095988621133/TRCD/100/ORDP//NAME/FSC B
RAAN/REMI/9059570727 7020095988621133 ZV/PURP//CD/EPAY/ISDT/2025-
11-07
:61:251107C000000003297,61N100EREF//OO9T005184720989
NL86RABO0315593148
:86:/EREF/07-11-2025 13:58 7020384185620191/TRCD/100/ORDP//NAME/W.N. 
van der Bent eo A. van der Bent-van Tricht/REMI/9059899861 702038
4185620191 HE xui-58143607/PURP//CD/EPAY/ISDT/2025-11-07
:61:251107C000000000482,49N100EREF//OO9T005184723462
NL77RABO0123958946
:86:/EREF/07-11-2025 13:59 7020914188410479/TRCD/100/ORDP//NAME/Look 
Forward Administratie-Advies-C/REMI/9059900392 7020914188410479 E
H xui-44729055/PURP//CD/EPAY/ISDT/2025-11-07
:61:251107C000000000591,80N100EREF//OO9T005184723120
NL82RABO0121904784
:86:/EREF/07-11-2025 13:59 7020065985589282/TRCD/100/ORDP//NAME/L.J. 
van der Hoek eo M.A. van der Hoek-Stoove/REMI/9059890724 70200659
85589282 HB xui-30847906/PURP//CD/EPAY/ISDT/2025-11-07
:61:251107C000000000571,52N100EREF//OO9T005184726802
NL30RABO0362334382
:86:/EREF/07-11-2025 14:00 7020146282620359/TRCD/100/ORDP//NAME/E.T. 
van Hoorn eo S.A.M. van Hoorn-Jurriens/REMI/9059901765 7020146282
620359 MD xui-13360725/PURP//CD/EPAY/ISDT/2025-11-07
:61:251107C000000000449,00N100EREF//OO9T005184741084
NL89RABO0363592768
:86:/EREF/07-11-2025 14:04 7020265985560530/TRCD/100/ORDP//NAME/R.S.L
. Schrijver/ID/84124989/REMI/9059913799 7020265985560530 KV xui-6
6641572/PURP//CD/EPAY/ISDT/2025-11-07
:61:251107C000000000190,40N100EREF//OO9T005184749385
NL97RABO0328743143
:86:/EREF/07-11-2025 14:06 7020635109561106/TRCD/100/ORDP//NAME/L. Ve
rvoort/REMI/9059914225 7020635109561106 KV xui-19620934/PURP//CD/
EPAY/ISDT/2025-11-07
:61:251107C000000000224,10N100EREF//OO9T005184747036
NL89RABO0363592768
:86:/EREF/07-11-2025 14:06 7020926009531736/TRCD/100/ORDP//NAME/R.S.L
. Schrijver/REMI/9059913361 7020926009531736 KV xui-66641572/PURP
//CD/EPAY/ISDT/2025-11-07
:61:251107C000000000059,00N100EREF//OO9T005184756627
NL62RABO0135552559
:86:/EREF/07-11-2025 14:08 7020486585590167/TRCD/100/ORDP//NAME/J.C.F
.J. van Opstal eo A. Smit/REMI/9059923755 7020486585590167 MD xui
 10140172/PURP//CD/EPAY/ISDT/2025-11-07
:61:251107C000000000007,00N100EREF//OO9T005184758418
NL48RABO0364407530
:86:/EREF/07-11-2025 14:09 7020605985679855/TRCD/100/ORDP//NAME/S. de
 Keijser eo F.D. de Lange/ID/97977845/REMI/9059922629 70206059856
79855 EH xui-46931513/PURP//CD/EPAY/ISDT/2025-11-07
:61:251107C000000003611,44N100EREF//OO9T005184755167
NL82RABO0136708730
:86:/EREF/07-11-2025 14:08 7020614191441214/TRCD/100/ORDP//NAME/A.R. 
de Vries eo J. de Vries-Blokzijl/REMI/9059923693 7020614191441214
 AG xui-72685537/PURP//CD/EPAY/ISDT/2025-11-07
:61:251107C000000000435,79N100EREF//OO9T005184762848
NL31RABO0104711094
:86:/EREF/07-11-2025 14:10 7020596906559900/TRCD/100/ORDP//NAME/R. Ko
oiker eo H.G. Kooiker-Franke/REMI/9059927583 7020596906559900 OD 
xui-99990460/PURP//CD/EPAY/ISDT/2025-11-07
:61:251107C000000000425,44N100EREF//OO9T005184783806
NL19RABO0107103427
:86:/EREF/07-11-2025 14:16 7020775109440038/TRCD/100/ORDP//NAME/M.A.M
. Ardts/REMI/9059944869 7020775109440038 LH xui-18100359/PURP//CD
/EPAY/ISDT/2025-11-07
:61:251107C000000000447,10N100EREF//OO9T005184799758
NL73RABO0114407622
:86:/EREF/07-11-2025 14:20 7020916909439672/TRCD/100/ORDP//NAME/N.A.H
.C. Weusten-Thijssen eo L.M.H. Weusten/REMI/9059951298 7020916909
439672 LH xui-41516816/PURP//CD/EPAY/ISDT/2025-11-07
:61:251107C000000000028,50N100EREF//43248495327
NL44INGB0636541649
:86:/EREF/07-11-2025 12:54 7020065691530602/TRCD/100/ORDP//NAME/Hr MJ
 Furstner,Mw D Furstner-Schaffelke/REMI/9059737607 70200656915306
02 HH/PURP//CD/EPAY/ISDT/2025-11-07
:61:251107C000000000020,00N100EREF//43248494845
NL04INGB0651478138
:86:/EREF/07-11-2025 12:54 7020056009411268/TRCD/100/ORDP//NAME/Mw E 
de Looff, Hr PM van de Kerkhof/REMI/9059735470 7020056009411268 Z
V/PURP//CD/EPAY/ISDT/2025-11-07
:61:251107C000000000051,80N100EREF//43248492922
NL87INGB0008701973
:86:/EREF/07-11-2025 12:10 7020365082531415/TRCD/100/ORDP//NAME/D A N
guyen/REMI/9059624771 7020365082531415 KV/PURP//CD/EPAY/ISDT/2025
 11-07
:61:251107C000000000352,65N100EREF//43248499551
NL89INGB0663789885
:86:/EREF/07-11-2025 12:39 7020116882589381/TRCD/100/ORDP//NAME/Hr LG
 Rademaker,Mw L de Jager/REMI/9059705686 7020116882589381 HH/PURP
//CD/EPAY/ISDT/2025-11-07
:61:251107C000000000604,20N100EREF//43248499560
NL52INGB0675855217
:86:/EREF/07-11-2025 12:08 7020646294649990/TRCD/100/ORDP//NAME/Nouve
lle Equipe B.V./REMI/9059628998 7020646294649990 SR/PURP//CD/EPAY
/ISDT/2025-11-07
:61:251107C000000000218,80N100EREF//43248499406
NL78INGB0002365610
:86:/EREF/07-11-2025 12:02 7020225394650227/TRCD/100/ORDP//NAME/Hr MJ
WH van der Meijs, Mw MMT van der Meys-Boom/REMI/9059603849 702022
5394650227 HH/PURP//CD/EPAY/ISDT/2025-11-07
:61:251107C000000000528,05N100EREF//43248492220
NL50INGB0006924726
:86:/EREF/07-11-2025 12:42 7020586597679069/TRCD/100/ORDP//NAME/Mw A 
Steenbeek-van den Brink en/of P H Steenbeek/REMI/9059711734 70205
86597679069 SL/PURP//CD/EPAY/ISDT/2025-11-07
:61:251107C000000000002,50N100EREF//43248491823
NL85INGB0669548944
:86:/EREF/07-11-2025 12:41 7020514509500581/TRCD/100/ORDP//NAME/Hr YP
 Stern, Mw M Stroosnijder/REMI/9059706638 7020514509500581 HB/PUR
P//CD/EPAY/ISDT/2025-11-07
:61:251107C000000000344,40N100EREF//43248494295
NL43INGB0000218660
:86:/EREF/07-11-2025 12:44 7020825091501037/TRCD/100/ORDP//NAME/Hr D 
van Broeckhuysen/REMI/9059719120 7020825091501037 HH/PURP//CD/EPA
Y/ISDT/2025-11-07
:61:251107C000000001386,40N100EREF//43248497320
NL04INGB0008966046
:86:/EREF/07-11-2025 12:47 7020424809531643/TRCD/100/ORDP//NAME/Marko
oij Uitzendbureau/REMI/9059722307 7020424809531643 KV/PURP//CD/EP
AY/ISDT/2025-11-07
:61:251107C000000000039,00N100EREF//43248510158
NL04INGB0651478138
:86:/EREF/07-11-2025 12:40 7020476306591739/TRCD/100/ORDP//NAME/Mw E 
de Looff, Hr PM van de Kerkhof/REMI/9059708741 7020476306591739 Z
V/PURP//CD/EPAY/ISDT/2025-11-07
:61:251107C000000001863,65N100EREF//43248548638
NL79INGB0794755003
:86:/EREF/07-11-2025 12:23 7020315091561967/TRCD/100/ORDP//NAME/Hr SC
AH Lambrechts/REMI/9059664318 7020315091561967 HB/PURP//CD/EPAY/I
SDT/2025-11-07
:61:251107C000000000030,00N100EREF//43248544487
NL43INGB0000218660
:86:/EREF/07-11-2025 12:55 7020856294470893/TRCD/100/ORDP//NAME/Hr D 
van Broeckhuysen/REMI/9059745291 7020856294470893 HH/PURP//CD/EPA
Y/ISDT/2025-11-07
:61:251107C000000000140,60N100EREF//43248545057
NL30INGB0004927177
:86:/EREF/07-11-2025 11:58 7020685694500800/TRCD/100/ORDP//NAME/Mw M 
van de Logt/REMI/9059600268 7020685694500800 MD/PURP//CD/EPAY/ISD
T/2025-11-07
:61:251107C000000000679,20N100EREF//43248524897
NL47INGB0110408357
:86:/EREF/07-11-2025 12:33 7020565700560773/TRCD/100/ORDP//NAME/Mw PC
 Kuperus,Hr EV Das/REMI/9059692651 7020565700560773 HB/PURP//CD/E
PAY/ISDT/2025-11-07
:61:251107C000000001276,70N541EREF//PEIP-20251107118
NL37INGB0686232062
:86:/EREF/Aanbetaling/TRCD/541/ORDP//NAME/Hr TJ Veenendaal, Mw DMG Ve
enendaal-Melein/REMI/Boekingsnummer 3057370/ISDT/2025-11-07
:61:251107C000000000076,50N541NONREF//PEIP-20251107118
NL33INGB0009462552
:86:/TRCD/541/ORDP//NAME/Mw CBM van Rijthoven/REMI/6380392/ISDT/2025-
11-07
:61:251107C000000000126,40N100EREF//OO9T005184845046
NL12RABO0105282766
:86:/EREF/07-11-2025 14:33 7020794197530068/TRCD/100/ORDP//NAME/R. To
rcque/REMI/9059986025 7020794197530068 HH xui-16332387/PURP//CD/E
PAY/ISDT/2025-11-07
:61:251107C000000000429,60N100EREF//OO9T005184851261
NL90RABO0358482887
:86:/EREF/07-11-2025 14:35 7020205382589615/TRCD/100/ORDP//NAME/De St
aete Groep/REMI/9059986071 7020205382589615 HH xui-53915157/PURP/
/CD/EPAY/ISDT/2025-11-07
:61:251107C000000000892,06N100EREF//OO9T005184873718
NL06RABO0305462938
:86:/EREF/07-11-2025 14:41 7020226897650758/TRCD/100/ORDP//NAME/C.K. 
Jongsma/ID/17242115/REMI/9060010330 7020226897650758 EH xui-48121
345/PURP//CD/EPAY/ISDT/2025-11-07
:61:251107C000000001831,30N100EREF//OO9T005184867557
NL06RABO0357946340
:86:/EREF/07-11-2025 14:39 7020195403530410/TRCD/100/ORDP//NAME/M.W.A
. Ham/REMI/9060001231 7020195403530410 TF xui-53156798/PURP//CD/E
PAY/ISDT/2025-11-07
:61:251107C000000000456,48N100EREF//OO9T005184889314
NL65RABO0397335911
:86:/EREF/07-11-2025 14:46 7020126600559969/TRCD/100/ORDP//NAME/S.S. 
van der Vegt-de Jong/ID/93465777/REMI/9060016870 7020126600559969
 SL xui-94365318/PURP//CD/EPAY/ISDT/2025-11-07
:61:251107C000000000510,00N100EREF//OO9T005184897989
NL51RABO0147304210
:86:/EREF/07-11-2025 14:48 7020504788441991/TRCD/100/ORDP//NAME/J.E. 
Hillebrand/REMI/9060019854 7020504788441991 EP xui-23913204/PURP/
/CD/EPAY/ISDT/2025-11-07
:61:251107C000000001309,00N100EREF//OO9T005184898224
NL21RABO0119622211
:86:/EREF/07-11-2025 14:48 7020035391410185/TRCD/100/ORDP//NAME/L. Pe
ters/REMI/9060024046 7020035391410185 LH xui-68731882/PURP//CD/EP
AY/ISDT/2025-11-07
:61:251107C000000000250,00N541NONREF//PEIP-20251107118
NL22INGB0004644663
:86:/TRCD/541/ORDP//NAME/Hr H W J A Hendriks en/of Mw S A M Hendriks-
Peters/REMI/boekingsnummer: 1212349/ISDT/2025-11-07
:61:251107C000000000444,18N100EREF//OO9T005184901813
NL03RABO0162257236
:86:/EREF/07-11-2025 14:49 7020625082649030/TRCD/100/ORDP//NAME/H. Ko
oistra eo Y.M. Kooistra-Huizinga/REMI/9060027619 7020625082649030
 HH xui-20059759/PURP//CD/EPAY/ISDT/2025-11-07
:61:251107C000000000458,24N100EREF//OO9T005184911178
NL33RABO0315067683
:86:/EREF/07-11-2025 14:52 7020115694621559/TRCD/100/ORDP//NAME/E.J. 
Hendriksen eo A. Jurriens/ID/94757887/REMI/9060032882 70201156946
21559 EH xui-79093586/PURP//CD/EPAY/ISDT/2025-11-07
:61:251107C000000000165,00N100EREF//OO9T005184914657
NL09RABO0123594286
:86:/EREF/07-11-2025 14:53 7020116006589990/TRCD/100/ORDP//NAME/M.A.H
.H. Burgers eo Y.A.L. Burgers-Tegelaers/REMI/9060033101 702011600
6589990 KV xui-39261024/PURP//CD/EPAY/ISDT/2025-11-07
:61:251107C000000001195,68N541NONREF//PEIP-20251107118
NL30SNSB0960405542
:86:/TRCD/541/ORDP//NAME/M.F.J. Ezendam e/o K. Ezendam-Davids/REMI/Re
serveringsnr:776491 Het Meerdal nr:137. 13mei/18mei-2026/ISDT/202
5-11-07
:61:251107C000000000250,00N100EREF//43248623783
NL73ABNA0607811528
:86:/EREF/07-11-2025 12:33 7020406900471691/TRCD/100/ORDP//NAME/N VAN
 T HOF/REMI/9059694372 7020406900471691 LH/PURP//CD/EPAY/ISDT/202
5-11-07
:61:251107C000000000012,95N100EREF//43248632398
NL59ASNB8831594796
:86:/EREF/2025-11-07T10:25 7020046900680053/TRCD/100/ORDP//NAME/S.D. 
van Asten/REMI/9059352721 7020046900680053 EH/PURP//CD/EPAY/ISDT/
2025-11-07
:61:251107C000000000250,00N100EREF//43248632932
NL62ASNB0267537395
:86:/EREF/2025-11-07T10:08 7020444800590047/TRCD/100/ORDP//NAME/H.R. 
de Groot e/o H. van Kranenburg/REMI/9059311437 7020444800590047 L
H/PURP//CD/EPAY/ISDT/2025-11-07
:61:251107C000000000342,08N100EREF//43248632375
NL64SNSB0858643006
:86:/EREF/2025-11-07T10:10 7020864494469717/TRCD/100/ORDP//NAME/P.J.T
. Pereboom e/o M.A.J.T. Pereboom-Oosterbosch/REMI/9059322217 7020
864494469717 LH/PURP//CD/EPAY/ISDT/2025-11-07
:61:251107C000000001719,88N100EREF//43248632489
NL52SNSB8838402639
:86:/EREF/2025-11-07T09:40 7020455988529747/TRCD/100/ORDP//NAME/ERBEI
J/REMI/9059239117 7020455988529747 AR/PURP//CD/EPAY/ISDT/2025-11-
07
:61:251107C000000001634,20N100EREF//43248629997
NL66KNAB0741881101
:86:/EREF/2025-11-07T11:19 7020325103649603/TRCD/100/ORDP//NAME/Nick 
van Gijssel/REMI/9059655733 7020325103649603 MD/PURP//CD/EPAY/ISD
T/2025-11-07
:61:251107C000000000278,11N100EREF//43248630925
NL89SNSB8838958947
:86:/EREF/2025-11-07T10:12 7020134194561817/TRCD/100/ORDP//NAME/O. Ts
vila/REMI/9059318585 7020134194561817 PZ/PURP//CD/EPAY/ISDT/2025-
11-07
:61:251107C000000002774,30N100EREF//43248630189
NL93KNAB0257015639
:86:/EREF/2025-11-07T11:41 7020424500561526/TRCD/100/ORDP//NAME/Human
 Investment Managemen/REMI/9059706443 7020424500561526 VN/PURP//C
D/EPAY/ISDT/2025-11-07
:61:251107C000000000614,14N100EREF//43248621095
NL86ABNA0484398970
:86:/EREF/07-11-2025 12:02 7020015091621760/TRCD/100/ORDP//NAME/W VAN
 DE GRAAF/REMI/9059608149 7020015091621760 EH/PURP//CD/EPAY/ISDT/
2025-11-07
:61:251107C000000000026,00N100EREF//43248620947
NL59ABNA0601160878
:86:/EREF/07-11-2025 12:02 7020614809559945/TRCD/100/ORDP//NAME/SEAM 
GROEN/REMI/9059614462 7020614809559945 EH/PURP//CD/EPAY/ISDT/2025
 11-07
:61:251107C000000000340,08N100EREF//43248620687
NL66ABNA0517471965
:86:/EREF/07-11-2025 12:16 7020606303471463/TRCD/100/ORDP//NAME/NJ KA
MPINGA CJ/REMI/9059651304 7020606303471463 EH/PURP//CD/EPAY/ISDT/
2025-11-07
:61:251107C000000000987,92N100EREF//43248625332
NL29ABNA0595411355
:86:/EREF/07-11-2025 12:23 7020184488679339/TRCD/100/ORDP//NAME/JJ GR
OOTHUIS/REMI/9059663119 7020184488679339 KM/PURP//CD/EPAY/ISDT/20
25-11-07
:61:251107C000000000450,40N100EREF//43248624972
NL61ABNA0571191819
:86:/EREF/07-11-2025 12:55 7020425106679318/TRCD/100/ORDP//NAME/LOES 
DE BIE/REMI/9059745199 7020425106679318 KV/PURP//CD/EPAY/ISDT/202
5-11-07
:61:251107C000000000514,24N100EREF//43248622765
NL11ABNA0975340115
:86:/EREF/07-11-2025 12:32 7020435694649681/TRCD/100/ORDP//NAME/JONG 
C DE/REMI/9059682476 7020435694649681 MD/PURP//CD/EPAY/ISDT/2025-
11-07
:61:251107C000000000538,80N100EREF//43248622729
NL38ABNA0475701844
:86:/EREF/07-11-2025 12:58 7020085988499306/TRCD/100/ORDP//NAME/AC ST
ORCKEN CJ/REMI/9059750529 7020085988499306 LH/PURP//CD/EPAY/ISDT/
2025-11-07
:61:251107C000000000294,16N100EREF//43248633115
NL24RBRB0929127293
:86:/EREF/2025-11-07T10:08 7020074791679978/TRCD/100/ORDP//NAME/J.R.W
. de Wit/REMI/9059311399 7020074791679978 LH/PURP//CD/EPAY/ISDT/2
025-11-07
:61:251107C000000000617,30N100EREF//43248631148
NL13RBRB0941453766
:86:/EREF/2025-11-07T10:23 7020764482680827/TRCD/100/ORDP//NAME/H.J. 
Vonk e/o M. Vonk-van Lutterveld/REMI/9059355170 7020764482680827 
LH/PURP//CD/EPAY/ISDT/2025-11-07
:61:251107C000000000081,80N100EREF//43248631809
NL27SNSB0898718252
:86:/EREF/2025-11-07T10:02 7020486594620140/TRCD/100/ORDP//NAME/E. Mi
siurek/REMI/9059297121 7020486594620140 HB/PURP//CD/EPAY/ISDT/202
5-11-07
:61:251107C000000000144,73N100EREF//OO9T005184926481
NL28RABO0367645459
:86:/EREF/07-11-2025 14:56 7020004200589369/TRCD/100/ORDP//NAME/J.H. 
van Huijssteeden eo L.L.J. Spijkervet/REMI/9060042797 70200042005
89369 MD xui-16923446/PURP//CD/EPAY/ISDT/2025-11-07
:61:251107C000000000891,40N100EREF//OO9T005184925277
NL68RABO0331934868
:86:/EREF/07-11-2025 14:56 7020586282591997/TRCD/100/ORDP//NAME/H.C. 
Schimmel eo M. Schimmel-van de Vooren/REMI/9060038146 70205862825
91997 MD xui-19157462/PURP//CD/EPAY/ISDT/2025-11-07
:61:251107C000000000355,00N541NONREF//PEIP-20251107118
NL55ABNA0587073349
:86:/TRCD/541/ORDP//NAME/L C WESTERVEEN/REMI/7084049/ISDT/2025-11-07
:61:251107C000000000190,40N541NONREF//PEIP-20251107118
NL62ABNA0887910963
:86:/TRCD/541/ORDP//NAME/SK BIRBAL/REMI/3114113/ISDT/2025-11-07
:61:251107C000000000711,50N100EREF//OO9T005184963307
NL63RABO0117181323
:86:/EREF/07-11-2025 15:06 7020394182651166/TRCD/100/ORDP//NAME/H.P.A
. Werten eo M.H. Werten-Peters/REMI/9060072170 7020394182651166 K
V xui-86913641/PURP//CD/EPAY/ISDT/2025-11-07
:61:251107C000000000041,00N100EREF//OO9T005184977839
NL93RABO0372731066
:86:/EREF/07-11-2025 15:10 7020215088650674/TRCD/100/ORDP//NAME/P.W.A
. Loos en of C.E.A.M.D. Loos-Schets/REMI/9060083124 7020215088650
674 PZ xui-72026000/PURP//CD/EPAY/ISDT/2025-11-07
:61:251107C000000000415,68N100EREF//OO9T005185047621
NL81RABO0125220553
:86:/EREF/07-11-2025 15:30 7020896894439600/TRCD/100/ORDP//NAME/M.J.I
. Kremers-Schreurs/REMI/9060126409 7020896894439600 MD xui-823985
91/PURP//CD/EPAY/ISDT/2025-11-07
:61:251107C000000000663,44N541EREF//PEIP-20251107118
NL88INGB0001659464
:86:/EREF/CP De Kempervennen/TRCD/541/ORDP//NAME/Hr NL Maas, Mw WGM M
aas-van den Heuvel/REMI/Reservering 5116489/ISDT/2025-11-07
:61:251107C000000000038,25N100EREF//43248731531
NL11ABNA0623016133
:86:/EREF/07-11-2025 13:54 7020015403439597/TRCD/100/ORDP//NAME/SM ST
OLKER/REMI/9059886613 7020015403439597 ZV/PURP//CD/EPAY/ISDT/2025
 11-07
:61:251107C000000000250,00N100EREF//43248734697
NL51INGB0008231880
:86:/EREF/07-11-2025 13:41 7020794497439684/TRCD/100/ORDP//NAME/C Oud
e Wesselink/REMI/9059854051 7020794497439684 HH/PURP//CD/EPAY/ISD
T/2025-11-07
:61:251107C000000000018,45N100EREF//43248720796
NL53INGB0683467662
:86:/EREF/07-11-2025 13:49 7020536903531958/TRCD/100/ORDP//NAME/Mw J 
Baeschnitt/REMI/9059872121 7020536903531958 MD/PURP//CD/EPAY/ISDT
/2025-11-07
:61:251107C000000000136,00N100EREF//43248736534
NL50ABNA0622893890
:86:/EREF/07-11-2025 13:29 7020574806471430/TRCD/100/ORDP//NAME/MB WO
LTING CJ/REMI/9059826385 7020574806471430 HH/PURP//CD/EPAY/ISDT/2
025-11-07
:61:251107C000000000829,27N100EREF//43248738180
NL11ABNA0830681299
:86:/EREF/07-11-2025 13:00 7020076309649006/TRCD/100/ORDP//NAME/OUDSH
OORN M/REMI/9059754843 7020076309649006 EH/PURP//CD/EPAY/ISDT/202
5-11-07
:61:251107C000000000554,90N100EREF//43248739008
NL42ABNA0888398263
:86:/EREF/07-11-2025 13:21 7020736288469936/TRCD/100/ORDP//NAME/A D V
ERMANING/REMI/9059806625 7020736288469936 HB/PURP//CD/EPAY/ISDT/2
025-11-07
:61:251107C000000000294,65N100EREF//43248742300
NL83ABNA0498116085
:86:/EREF/07-11-2025 13:16 7020116909591904/TRCD/100/ORDP//NAME/MJG L
AP CJ/REMI/9059797809 7020116909591904 HH/PURP//CD/EPAY/ISDT/2025
 11-07
:61:251107C000000000563,30N100EREF//43248741771
NL67ABNA0488148944
:86:/EREF/07-11-2025 13:13 7020476597471823/TRCD/100/ORDP//NAME/T ROM
MELSE CJ/REMI/9059789198 7020476597471823 EP/PURP//CD/EPAY/ISDT/2
025-11-07
:61:251107C000000000030,00N100EREF//43248744594
NL40INGB0008205015
:86:/EREF/07-11-2025 13:16 7020275103409429/TRCD/100/ORDP//NAME/Hr T 
Viergever/REMI/9059785711 7020275103409429 SL/PURP//CD/EPAY/ISDT/
2025-11-07
:61:251107C000000000029,00N100EREF//43248755874
NL95INGB0003077769
:86:/EREF/07-11-2025 13:26 7020764497621712/TRCD/100/ORDP//NAME/Mw LM
 van Rijn/REMI/9059818109 7020764497621712 LH/PURP//CD/EPAY/ISDT/
2025-11-07
:61:251107C000000000485,12N100EREF//43248758170
NL66INGB0007485777
:86:/EREF/07-11-2025 13:54 7020234491679522/TRCD/100/ORDP//NAME/Hr B 
IJland/REMI/9059888873 7020234491679522 EH/PURP//CD/EPAY/ISDT/202
5-11-07
:61:251107C000000000614,19N100EREF//43248759025
NL86INGB0002938639
:86:/EREF/07-11-2025 13:08 7020295385409357/TRCD/100/ORDP//NAME/Hr J 
A Groeneweg en/of Mw M Groeneweg-V Spijk/REMI/9059777923 70202953
85409357 HA/PURP//CD/EPAY/ISDT/2025-11-07
:61:251107C000000000387,86N100EREF//43248763414
NL21INGB0664602223
:86:/EREF/07-11-2025 13:47 7020655703590083/TRCD/100/ORDP//NAME/Hr ML
 de Vries/REMI/9059863928 7020655703590083 EH/PURP//CD/EPAY/ISDT/
2025-11-07
:61:251107C000000000077,70N100EREF//43248765399
NL43INGB0003188897
:86:/EREF/07-11-2025 13:17 7020286894559717/TRCD/100/ORDP//NAME/Mw Y 
Berkhof-Schouwenaar,Hr E Berkhof/REMI/9059800036 7020286894559717
 PZ/PURP//CD/EPAY/ISDT/2025-11-07
:61:251107C000000000608,40N100EREF//43248767149
NL19INGB0747859396
:86:/EREF/07-11-2025 13:16 7020305997470086/TRCD/100/ORDP//NAME/Mw C 
Verschore,Hr TM van den Brink/REMI/9059790194 7020305997470086 SR
/PURP//CD/EPAY/ISDT/2025-11-07
:61:251107C000000000479,32N100EREF//43248768887
NL76INGB0753023814
:86:/EREF/07-11-2025 13:13 7020206285469987/TRCD/100/ORDP//NAME/Hr JH
 van Dongen,Mw MAT van Dongen-van Kan/REMI/9059785157 70202062854
69987 VM/PURP//CD/EPAY/ISDT/2025-11-07
:61:251107C000000000794,36N100EREF//43248770103
NL35INGB0007875693
:86:/EREF/07-11-2025 13:15 7020094491589060/TRCD/100/ORDP//NAME/Mw M 
Buurma/REMI/9059790061 7020094491589060 EH/PURP//CD/EPAY/ISDT/202
5-11-07
:61:251107C000000001047,04N100EREF//43248776205
NL67INGB0675913632
:86:/EREF/07-11-2025 13:46 7020806288439384/TRCD/100/ORDP//NAME/Hr JH
M Mooren,Mw AWM Mooren-Sliepenbeek/REMI/9059868505 70208062884393
84 HH/PURP//CD/EPAY/ISDT/2025-11-07
:61:251107C000000000618,64N100EREF//43248776970
NL63INGB0749453672
:86:/EREF/07-11-2025 13:26 7020946585411214/TRCD/100/ORDP//NAME/Mw SZ
 Jonker/REMI/9059812007 7020946585411214 ZV/PURP//CD/EPAY/ISDT/20
25-11-07
:61:251107C000000000012,50N100EREF//OO9T005185079444
NL56RABO0106484095
:86:/EREF/07-11-2025 15:38 7020115106439621/TRCD/100/ORDP//NAME/E.H.J
. van der Linden eo A.M. Schra/REMI/9060147830 7020115106439621 K
V xui-80212766/PURP//CD/EPAY/ISDT/2025-11-07
:61:251107C000000000118,00N100EREF//OO9T005185082890
NL59RABO0132973286
:86:/EREF/07-11-2025 15:39 7020315391620806/TRCD/100/ORDP//NAME/D. Sc
humans eo Erven R. Herregraven/REMI/9060155898 7020315391620806 E
P xui-78815975/PURP//CD/EPAY/ISDT/2025-11-07
:61:251107C000000002345,50N100EREF//OO9T005185088403
NL12RABO0356620824
:86:/EREF/07-11-2025 15:41 7020514203590410/TRCD/100/ORDP//NAME/D. Be
rgen eo J. Bergen-Szilagyi/REMI/9060154006 7020514203590410 HB xu
i-34529659/PURP//CD/EPAY/ISDT/2025-11-07
:61:251107C000000000959,50N100EREF//OO9T005185083263
NL34RABO0139909818
:86:/EREF/07-11-2025 15:39 7020214809680917/TRCD/100/ORDP//NAME/D.A.H
. Geerts/REMI/9060152554 7020214809680917 HB xui-10537001/PURP//C
D/EPAY/ISDT/2025-11-07
:61:251107C000000001202,80N100EREF//OO9T005185104713
NL91RABO0146528654
:86:/EREF/07-11-2025 15:45 7020766309589810/TRCD/100/ORDP//NAME/M.M.H
. Lenssen/REMI/9060166323 7020766309589810 LH xui-80764948/PURP//
CD/EPAY/ISDT/2025-11-07
:61:251107C000000000364,08N100EREF//OO9T005185111597
NL88RABO0326016635
:86:/EREF/07-11-2025 15:47 7020066888529279/TRCD/100/ORDP//NAME/C. Ke
inemans e.o. A. Keinemans-v.d. Laar/REMI/9060172175 7020066888529
279 MD xui-47481597/PURP//CD/EPAY/ISDT/2025-11-07
:61:251107C000000000068,70N100EREF//OO9T005185114224
NL86RABO0116274832
:86:/EREF/07-11-2025 15:48 7020366282680467/TRCD/100/ORDP//NAME/M.M. 
Keilholtz/REMI/9060167578 7020366282680467 SL xui-88298592/PURP//
CD/EPAY/ISDT/2025-11-07
:61:251107C000000000661,92N541EREF//PEIP-20251107118
NL93INGB0673625613
:86:/EREF/Reserveringsnummer: 3200821/TRCD/541/ORDP//NAME/Hr J van Br
eemen/REMI/1e betaling Eemhof, 24/6/26 - 29/6/26/ISDT/2025-11-07
:61:251107C000000000429,84N100EREF//43248823342
NL07RBRB8842546291
:86:/EREF/2025-11-07T10:39 7020664209409021/TRCD/100/ORDP//NAME/J.E.W
. den Hartog e/o F.T.H. Pingen/REMI/9059391595 7020664209409021 L
H/PURP//CD/EPAY/ISDT/2025-11-07
:61:251107C000000000334,80N100EREF//43248821504
NL11SNSB0706019407
:86:/EREF/2025-11-07T10:54 7020695700591169/TRCD/100/ORDP//NAME/C.M. 
Nijssen/REMI/9059431402 7020695700591169 KV/PURP//CD/EPAY/ISDT/20
25-11-07
:61:251107C000000000488,09N100EREF//43248823993
NL67ABNA0433533579
:86:/EREF/07-11-2025 14:19 7020224791591895/TRCD/100/ORDP//NAME/W J M
ARS CJ/REMI/9059953122 7020224791591895 SL/PURP//CD/EPAY/ISDT/202
5-11-07
:61:251107C000000000309,52N100EREF//43248822537
NL28SNSB0930088131
:86:/EREF/2025-11-07T10:35 7020914797560281/TRCD/100/ORDP//NAME/C.G. 
van Tongerlo e/o W.T.C. van Tongerlo-de Laat/REMI/9059377465 7020
914797560281 LH/PURP//CD/EPAY/ISDT/2025-11-07
:61:251107C000000000169,00N100EREF//43248821997
NL89SNSB8847313848
:86:/EREF/2025-11-07T11:04 7020885100471703/TRCD/100/ORDP//NAME/Y. Ja
ger e/o K.H.F. Kapteijns/REMI/9059459840 7020885100471703 KV/PURP
//CD/EPAY/ISDT/2025-11-07
:61:251107C000000000586,72N100EREF//43248826639
NL68ABNA0447855999
:86:/EREF/07-11-2025 14:28 7020236897589435/TRCD/100/ORDP//NAME/HTBJ 
PENNINGS/REMI/9059973674 7020236897589435 VM/PURP//CD/EPAY/ISDT/2
025-11-07
:61:251107C000000000008,00N100EREF//43248840404
NL29INGB0658090372
:86:/EREF/07-11-2025 14:20 7020286888529705/TRCD/100/ORDP//NAME/Hr LM
 Wagenaar,Mw R van Groningen/REMI/9059954680 7020286888529705 AR/
PURP//CD/EPAY/ISDT/2025-11-07
:61:251107C000000000586,32N100EREF//43248841190
NL47INGB0002855242
:86:/EREF/07-11-2025 14:20 7020234803441802/TRCD/100/ORDP//NAME/Hr P 
L Zegers/REMI/9059956229 7020234803441802 PZ/PURP//CD/EPAY/ISDT/2
025-11-07
:61:251107C000000001536,40N100EREF//43248842541
NL93INGB0008700798
:86:/EREF/07-11-2025 14:35 7020765703619591/TRCD/100/ORDP//NAME/Mw C 
Manse/REMI/9059990859 7020765703619591 EH/PURP//CD/EPAY/ISDT/2025
 11-07
:61:251107C000000000250,00N100EREF//43248845383
NL74INGB0003077953
:86:/EREF/07-11-2025 14:13 7020955685561415/TRCD/100/ORDP//NAME/Hr LJ
W Kom, Mw MF van den Berg/REMI/9059935265 7020955685561415 LH/PUR
P//CD/EPAY/ISDT/2025-11-07
:61:251107C000000000641,75N100EREF//43248849059
NL73INGB0008711440
:86:/EREF/07-11-2025 14:40 7020614488530485/TRCD/100/ORDP//NAME/Mw A 
Vermeulen/REMI/9060002307 7020614488530485 HB/PURP//CD/EPAY/ISDT/
2025-11-07
:61:251107C000000000025,95N100EREF//43248846435
NL36INGB0005762530
:86:/EREF/07-11-2025 14:31 7020375403470548/TRCD/100/ORDP//NAME/Hr WC
 Vis, Mw M Vis-Mink/REMI/9059975525 7020375403470548 ZV/PURP//CD/
EPAY/ISDT/2025-11-07
:61:251107C000000000836,99N100EREF//43248848186
NL06INGB0002593983
:86:/EREF/07-11-2025 14:13 7020235103501406/TRCD/100/ORDP//NAME/Mw YM
 van Wijlick/REMI/9059936657 7020235103501406 VM/PURP//CD/EPAY/IS
DT/2025-11-07
:61:251107C000000001129,04N100EREF//43248849593
NL65INGB0005097849
:86:/EREF/07-11-2025 14:38 7020166300651349/TRCD/100/ORDP//NAME/Hr J 
Kooman,Mw BAA Kooman-van Bentem/REMI/9060000948 7020166300651349 
EH/PURP//CD/EPAY/ISDT/2025-11-07
:61:251107C000000000543,10N100EREF//43248861362
NL87INGB0683651544
:86:/EREF/07-11-2025 14:41 7020036288530611/TRCD/100/ORDP//NAME/Mw HL
L Reitsema/REMI/9060005722 7020036288530611 HH/PURP//CD/EPAY/ISDT
/2025-11-07
:61:251107C000000000087,00N100EREF//OO9T005185137927
NL50RABO0337188130
:86:/EREF/07-11-2025 15:54 7020455406589711/TRCD/100/ORDP//NAME/A. Ve
rweij-den Butter/REMI/9060188359 7020455406589711 VM xui-63691007
/PURP//CD/EPAY/ISDT/2025-11-07
:61:251107C000000000763,20N100EREF//OO9T005185137310
NL57RABO0108058387
:86:/EREF/07-11-2025 15:54 7020085709560542/TRCD/100/ORDP//NAME/W.M.C
. de Kruif-van den Broek eo J.P. de Kruif/ID/01132967/REMI/906019
0128 7020085709560542 SR xui-70576431/PURP//CD/EPAY/ISDT/2025-11-
07
:61:251107C000000000468,10N100EREF//OO9T005185177067
NL29RABO0348471548
:86:/EREF/07-11-2025 16:04 7020115991531958/TRCD/100/ORDP//NAME/B. Ko
renberg eo F. Korenberg-Eibrink/REMI/9060212110 7020115991531958 
HH xui-55772707/PURP//CD/EPAY/ISDT/2025-11-07
:61:251107C000000000633,75N541NONREF//PEIP-20251107119
NL68ABNA0829235264
:86:/TRCD/541/ORDP//NAME/JA VAN DER HELM/REMI/Hutteheugde/ISDT/2025-1
1-07
:61:251107C000000003600,85N100EREF//OO9T005185187663
NL92RABO0346779219
:86:/EREF/07-11-2025 16:07 7020716288530044/TRCD/100/ORDP//NAME/G. Ko
nings-Blaak/REMI/9060225563 7020716288530044 KV xui-11787927/PURP
//CD/EPAY/ISDT/2025-11-07
:61:251107C000000000646,10N100EREF//OO9T005185194231
NL02RABO0372752977
:86:/EREF/07-11-2025 16:09 7020825388499873/TRCD/100/ORDP//NAME/J.M.J
. Matthijssen/REMI/9060231133 7020825388499873 MD xui-40980356/PU
RP//CD/EPAY/ISDT/2025-11-07
:61:251107C000000000028,00N100EREF//OO9T005185200492
NL25RABO0312286643
:86:/EREF/07-11-2025 16:10 7020476282531163/TRCD/100/ORDP//NAME/R.M.J
. van Meir eo P.E. van Ooststroom/REMI/9060231421 702047628253116
3 ZV xui-72753253/PURP//CD/EPAY/ISDT/2025-11-07
:61:251107C000000000732,20N100EREF//OO9T005185208074
NL92RABO0386837406
:86:/EREF/07-11-2025 16:12 7020826297440815/TRCD/100/ORDP//NAME/S. de
 Jong/REMI/9060237090 7020826297440815 KV xui-22038498/PURP//CD/E
PAY/ISDT/2025-11-07
:61:251107C000000000207,20N100EREF//OO9T005185230800
NL29RABO0142128007
:86:/EREF/07-11-2025 16:18 7020635394409273/TRCD/100/ORDP//NAME/K.H.W
.A. van Bragt eo M. Snoeren/REMI/9060253483 7020635394409273 LH x
ui-89376200/PURP//CD/EPAY/ISDT/2025-11-07
:61:251107C000000000200,00N100EREF//43248956822
NL36ABNA0974963984
:86:/EREF/07-11-2025 14:33 7020404797409975/TRCD/100/ORDP//NAME/SMITS
 M/REMI/9059980275 7020404797409975 HB/PURP//CD/EPAY/ISDT/2025-11
 07
:61:251107C000000000279,68N100EREF//OO9T005185243342
NL36RABO0104607408
:86:/EREF/07-11-2025 16:22 7020805694681568/TRCD/100/ORDP//NAME/M.C. 
Kroon/REMI/9060256900 7020805694681568 LH xui-14130620/PURP//CD/E
PAY/ISDT/2025-11-07
:61:251107C000000000873,84N541NONREF//PEIP-20251107119
NL66ABNA0597440123
:86:/TRCD/541/ORDP//NAME/A BOONSTRA CJ/REMI/reserveringsnummer.  9216
499/ISDT/2025-11-07
:61:251107C000000000319,00N100EREF//43248956079
NL03ABNA0625854497
:86:/EREF/07-11-2025 14:53 7020246882649417/TRCD/100/ORDP//NAME/AL IR
IMIES CJ/REMI/9060032984 7020246882649417 LH/PURP//CD/EPAY/ISDT/2
025-11-07
:61:251107C000000000226,80N100EREF//43248960964
NL81ABNA0586824367
:86:/EREF/07-11-2025 15:01 7020926897561208/TRCD/100/ORDP//NAME/AM HE
ERDT/REMI/9060057216 7020926897561208 SL/PURP//CD/EPAY/ISDT/2025-
11-07
:61:251107C000000000342,08N100EREF//OO9T005185262253
NL34RABO0324057431
:86:/EREF/07-11-2025 16:26 7020074497531778/TRCD/100/ORDP//NAME/E.F. 
Sturm eo D. Sturm-Brasser/REMI/9060274020 7020074497531778 LH xui
 59514505/PURP//CD/EPAY/ISDT/2025-11-07
:61:251107C000000000351,44N100EREF//OO9T005185288300
NL05RABO0301515735
:86:/EREF/07-11-2025 16:33 7020075394410980/TRCD/100/ORDP//NAME/J.G. 
van den Brink eo H.C. van den Brink-Verschoor/REMI/9060285394 702
0075394410980 MD xui-18754697/PURP//CD/EPAY/ISDT/2025-11-07
:61:251107C000000000702,61N100EREF//OO9T005185286080
NL71RABO0120711397
:86:/EREF/07-11-2025 16:33 7020986591411193/TRCD/100/ORDP//NAME/E.H.J
. Coppers/REMI/9060289687 7020986591411193 SL xui-47898260/PURP//
CD/EPAY/ISDT/2025-11-07
:61:251107C000000002956,12N100EREF//OO9T005185291222
NL12RABO0361332211
:86:/EREF/07-11-2025 16:34 7020154197410560/TRCD/100/ORDP//NAME/J. Gr
inwis/REMI/9060285554 7020154197410560 EH xui-99992341/PURP//CD/E
PAY/ISDT/2025-11-07
:61:251107C000000000009,00N100EREF//OO9T005185315953
NL76RABO0135137438
:86:/EREF/07-11-2025 16:40 7020616894470002/TRCD/100/ORDP//NAME/N.P.A
.J. van Oorschot eo I.C.P. van Oorschot/REMI/9060306901 702061689
4470002 PZ xui-10546403/PURP//CD/EPAY/ISDT/2025-11-07
:61:251107C000000000050,00N100EREF//OO9T005185325778
NL82RABO0122845781
:86:/EREF/07-11-2025 16:43 7020444185559117/TRCD/100/ORDP//NAME/R.J.J
. Reijnen/REMI/9060307352 7020444185559117 HA xui-54488929/PURP//
CD/EPAY/ISDT/2025-11-07
:61:251107C000000000435,20N100EREF//OO9T005185336178
NL51RABO0146645774
:86:/EREF/07-11-2025 16:45 7020546294470101/TRCD/100/ORDP//NAME/R.J. 
Rietveld/REMI/9060315058 7020546294470101 KV xui-80779369/PURP//C
D/EPAY/ISDT/2025-11-07
:61:251107C000000000028,00N100EREF//OO9T005185338909
NL34RABO0305200534
:86:/EREF/07-11-2025 16:46 7020005388591940/TRCD/100/ORDP//NAME/D.M.C
.J. van de Laarschot/REMI/9060319290 7020005388591940 LH xui-1554
3218/PURP//CD/EPAY/ISDT/2025-11-07
:61:251107C000000000079,90N100EREF//OO9T005185338946
NL89RABO0302171010
:86:/EREF/07-11-2025 16:46 7020894206591328/TRCD/100/ORDP//NAME/C.H.J
. de Kruiff eo M.M.A.P. Steenbergen/REMI/9060315524 7020894206591
328 HE xui-99644416/PURP//CD/EPAY/ISDT/2025-11-07
:61:251107C000000000340,35N100EREF//OO9T005185343610
NL81RABO0321921615
:86:/EREF/07-11-2025 16:47 7020195106681196/TRCD/100/ORDP//NAME/J.L. 
Siahaija eo D. Doensen/REMI/9060321177 7020195106681196 HB xui-90
906192/PURP//CD/EPAY/ISDT/2025-11-07
:61:251107C000000000481,32N100EREF//OO9T005185354314
NL73RABO0117330329
:86:/EREF/07-11-2025 16:50 7020355391531460/TRCD/100/ORDP//NAME/M. Kn
egt eo J.M. Knegt-te Grotenhuis/REMI/9060325114 7020355391531460 
PZ xui-68684235/PURP//CD/EPAY/ISDT/2025-11-07
:61:251107C000000000491,40N100EREF//OO9T005185375920
NL95RABO0319798615
:86:/EREF/07-11-2025 16:55 7020976594470617/TRCD/100/ORDP//NAME/A. va
n der Heijden eo D. Plijter/REMI/9060339929 7020976594470617 MD x
ui-39397059/PURP//CD/EPAY/ISDT/2025-11-07
:61:251107C000000000509,36N100EREF//OO9T005185379512
NL56RABO0325351597
:86:/EREF/07-11-2025 16:56 7020444797531712/TRCD/100/ORDP//NAME/Fleur
 Wardenburg/REMI/9060346835 7020444797531712 EH xui-93488440/PURP
//CD/EPAY/ISDT/2025-11-07
:61:251107C000000001125,20N100EREF//OO9T005185379779
NL39RABO0135113466
:86:/EREF/07-11-2025 16:56 7020745400591700/TRCD/100/ORDP//NAME/N.R.T
. van Horrik-van Heck eo D.M.H. van Horrik/ID/93367899/REMI/90603
44410 7020745400591700 EP xui-86291246/PURP//CD/EPAY/ISDT/2025-11
 07
:61:251107C000000000433,41N100EREF//43249056823
NL81ABNA0586824367
:86:/EREF/07-11-2025 15:27 7020254485651820/TRCD/100/ORDP//NAME/AM HE
ERDT/REMI/9060120775 7020254485651820 SL/PURP//CD/EPAY/ISDT/2025-
11-07
:61:251107C000000000128,50N100EREF//43249066314
NL07INGB0001452372
:86:/EREF/07-11-2025 15:14 7020346606621091/TRCD/100/ORDP//NAME/Mw M 
Kailey/REMI/9060080978 7020346606621091 HH/PURP//CD/EPAY/ISDT/202
5-11-07
:61:251107C000000000879,24N100EREF//43249055943
NL32RBRB0969773641
:86:/EREF/2025-11-07T09:17 7020056000531088/TRCD/100/ORDP//NAME/F.H.M
. Smit e/o H.P.M. Smit-van Grol/REMI/9059186890 7020056000531088 
KV/PURP//CD/EPAY/ISDT/2025-11-07
:61:251107C000000000012,40N100EREF//43249056010
NL46ABNA0545161460
:86:/EREF/07-11-2025 15:13 7020305988591913/TRCD/100/ORDP//NAME/T MAR
OUANE/REMI/9060088541 7020305988591913 HB/PURP//CD/EPAY/ISDT/2025
 11-07
:61:251107C000000000445,44N100EREF//43249067791
NL30INGB0003215612
:86:/EREF/07-11-2025 15:01 7020955685499366/TRCD/100/ORDP//NAME/Hr J 
P van Dongen/REMI/9060052096 7020955685499366 LH/PURP//CD/EPAY/IS
DT/2025-11-07
:61:251107C000000000430,40N100EREF//43249060173
NL59ABNA0592825086
:86:/EREF/07-11-2025 15:05 7020944788681502/TRCD/100/ORDP//NAME/J C V
AN DE PIETERMAN/REMI/9060056345 7020944788681502 HH/PURP//CD/EPAY
/ISDT/2025-11-07
:61:251107C000000000160,60N100EREF//43249070609
NL58INGB0003588655
:86:/EREF/07-11-2025 15:11 7020654788530464/TRCD/100/ORDP//NAME/Hr A 
van Rooijen en Mw K van Rooijen-Hoek/REMI/9060083139 702065478853
0464 ZV/PURP//CD/EPAY/ISDT/2025-11-07
:61:251107C000000000170,00N100EREF//43249076815
NL93INGB0007061207
:86:/EREF/07-11-2025 15:34 7020044197501352/TRCD/100/ORDP//NAME/Hr S 
Bol/REMI/9060139183 7020044197501352 MD/PURP//CD/EPAY/ISDT/2025-1
1-07
:61:251107C000000000369,60N100EREF//43249073817
NL02INGB0670699306
:86:/EREF/07-11-2025 15:35 7020145691589180/TRCD/100/ORDP//NAME/Hr J 
J L Kaffa/REMI/9060137311 7020145691589180 HB/PURP//CD/EPAY/ISDT/
2025-11-07
:61:251107C000000000291,84N100EREF//43249076092
NL30INGB0003215612
:86:/EREF/07-11-2025 15:18 7020134185560239/TRCD/100/ORDP//NAME/Hr J 
P van Dongen/REMI/9060093130 7020134185560239 MD/PURP//CD/EPAY/IS
DT/2025-11-07
:61:251107C000000000059,00N100EREF//43249078550
NL85INGB0750191058
:86:/EREF/07-11-2025 15:30 7020395103531769/TRCD/100/ORDP//NAME/Mw GW
 Suppers,Mw MJH Bouwmans/REMI/9060128019 7020395103531769 KV/PURP
//CD/EPAY/ISDT/2025-11-07
:61:251107C000000000271,10N100EREF//43249079287
NL24INGB0007841456
:86:/EREF/07-11-2025 15:05 7020486285471868/TRCD/100/ORDP//NAME/Hr G 
W Houterman en/of Mw E C J M de Bruijn/REMI/9060066109 7020486285
471868 HH/PURP//CD/EPAY/ISDT/2025-11-07
:61:251107C000000000264,00N100EREF//43249064463
NL89SNSB0773018522
:86:/EREF/2025-11-07T11:36 7020696882680923/TRCD/100/ORDP//NAME/C.A. 
Versteeg e/o D.H. Versteeg-Timmermans/REMI/9059545649 70206968826
80923 MD/PURP//CD/EPAY/ISDT/2025-11-07
:61:251107C000000000787,50N100EREF//43249064577
NL78RBRB0709957440
:86:/EREF/2025-11-07T12:15 7020566003410389/TRCD/100/ORDP//NAME/R.J. 
Timmerhuis e/o L. Kamp/REMI/9059643664 7020566003410389 EP/PURP//
CD/EPAY/ISDT/2025-11-07
:61:251107C000000000502,74N100EREF//43249064503
NL85SNSB0933301103
:86:/EREF/2025-11-07T11:51 7020535391590932/TRCD/100/ORDP//NAME/G. We
idema e/o C.J. Pieters/REMI/9059581938 7020535391590932 HH/PURP//
CD/EPAY/ISDT/2025-11-07
:61:251107C000000000654,36N100EREF//43249062294
NL76ASNB0707847400
:86:/EREF/2025-11-07T11:40 7020685082651349/TRCD/100/ORDP//NAME/C. Sl
ager e/o A.E. Brouwer/REMI/9059544734 7020685082651349 EH/PURP//C
D/EPAY/ISDT/2025-11-07
:61:251107C000000000050,00N100EREF//43249062541
NL46SNSB0825334209
:86:/EREF/2025-11-07T12:03 7020075109621889/TRCD/100/ORDP//NAME/P.B.H
. Schekermans e/o H.W. Donkervoort/REMI/9059613038 70200751096218
89 HB/PURP//CD/EPAY/ISDT/2025-11-07
:61:251107C000000000051,00N100EREF//43249063414
NL55SNSB0939311860
:86:/EREF/2025-11-07T11:34 7020424506649321/TRCD/100/ORDP//NAME/A. Ke
ijman/REMI/9059541442 7020424506649321 HB/PURP//CD/EPAY/ISDT/2025
 11-07
:61:251107C000000001084,80N100EREF//43249063406
NL95RBRB8842699810
:86:/EREF/2025-11-07T11:33 7020975097501676/TRCD/100/ORDP//NAME/G.A. 
Houwing/REMI/9059540005 7020975097501676 ZV/PURP//CD/EPAY/ISDT/20
25-11-07
:61:251107C000000000374,80N100EREF//43249061128
NL35INGB0750025700
:86:/EREF/07-11-2025 15:19 7020514803439024/TRCD/100/ORDP//NAME/Hr AC
 van der Leij,Mw S Lourens/REMI/9060099381 7020514803439024 KV/PU
RP//CD/EPAY/ISDT/2025-11-07
:61:251107C000000000532,20N100EREF//43249062088
NL03ASNB8844596520
:86:/EREF/2025-11-07T11:32 7020155994470815/TRCD/100/ORDP//NAME/J.G. 
Krol/REMI/9059533658 7020155994470815 HH/PURP//CD/EPAY/ISDT/2025-
11-07
:61:251107C000000001446,70N100EREF//OO9T005185396042
NL49RABO0140918736
:86:/EREF/07-11-2025 17:00 7020914806651007/TRCD/100/ORDP//NAME/W.Peg
els/REMI/9060357209 7020914806651007 BT xui-10184972/PURP//CD/EPA
Y/ISDT/2025-11-07
:61:251107C000000000333,12N100EREF//OO9T005185407230
NL74RABO0308064127
:86:/EREF/07-11-2025 17:03 7020925106529051/TRCD/100/ORDP//NAME/J. De
lmte/REMI/9060361660 7020925106529051 VM xui-84488876/PURP//CD/EP
AY/ISDT/2025-11-07
:61:251107C000000000304,90N100EREF//OO9T005185410032
NL60RABO0327509775
:86:/EREF/07-11-2025 17:03 7020264788470149/TRCD/100/ORDP//NAME/MTP A
uctions B.V./REMI/9060358034 7020264788470149 HB xui-70622904/PUR
P//CD/EPAY/ISDT/2025-11-07
:61:251107C000000000012,00N100EREF//OO9T005185411193
NL81RABO0321921615
:86:/EREF/07-11-2025 17:04 7020616906681649/TRCD/100/ORDP//NAME/J.L. 
Siahaija eo D. Doensen/REMI/9060361459 7020616906681649 HB xui-90
906192/PURP//CD/EPAY/ISDT/2025-11-07
:61:251107C000000000603,00N100EREF//OO9T005185420449
NL56RABO0134197577
:86:/EREF/07-11-2025 17:06 7020896906650593/TRCD/100/ORDP//NAME/A. Be
enen eo M.M.G. Beenen-Dekkers/REMI/9060365425 7020896906650593 MD
 xui-47174957/PURP//CD/EPAY/ISDT/2025-11-07
:61:251107C000000000127,75N100EREF//OO9T005185431563
NL45RABO0146803507
:86:/EREF/07-11-2025 17:09 7020026894529177/TRCD/100/ORDP//NAME/J.G. 
Nooteboom/REMI/9060372415 7020026894529177 HA xui-55428306/PURP//
CD/EPAY/ISDT/2025-11-07
:61:251107C000000000228,60N100EREF//OO9T005185433295
NL45RABO0145945154
:86:/EREF/07-11-2025 17:09 7020595400559894/TRCD/100/ORDP//NAME/T. Gi
esbers eo Y.H.R. Giesbers-van de Velde/REMI/9060377254 7020595400
559894 HB xui-20102765/PURP//CD/EPAY/ISDT/2025-11-07
:61:251107C000000000531,04N100EREF//OO9T005185447251
NL30RABO0392415925
:86:/EREF/07-11-2025 17:13 7020914194469789/TRCD/100/ORDP//NAME/J.C.W
. van Hoorn eo K.L. van Hoorn-Timmerman/REMI/9060383488 702091419
4469789 MD xui-29278465/PURP//CD/EPAY/ISDT/2025-11-07
:61:251107C000000000100,00N100EREF//OO9T005185450687
NL98RABO0152359974
:86:/EREF/07-11-2025 17:14 7020676606561556/TRCD/100/ORDP//NAME/K. de
 Gooijer eo E. de Gooijer-brands/REMI/9060384536 7020676606561556
 HH xui-24080026/PURP//CD/EPAY/ISDT/2025-11-07
:61:251107C000000000307,40N100EREF//OO9T005185489519
NL10RABO0144116170
:86:/EREF/07-11-2025 17:23 7020834191409831/TRCD/100/ORDP//NAME/C.E. 
van de Velde eo P.H.M.A.W. van de Velde-Jans/REMI/9060411253 7020
834191409831 LH xui-42706697/PURP//CD/EPAY/ISDT/2025-11-07
:61:251107C000000000650,16N100EREF//OO9T005185515069
NL65RABO0145116026
:86:/EREF/07-11-2025 17:30 7020295988469552/TRCD/100/ORDP//NAME/S.H.P
. Driessen eo C.M.M. Driessen/REMI/9060430002 7020295988469552 LH
 xui-86887455/PURP//CD/EPAY/ISDT/2025-11-07
:61:251107C000000000034,00N100EREF//OO9T005185524728
NL77RABO0121515613
:86:/EREF/07-11-2025 17:33 7020455397409762/TRCD/100/ORDP//NAME/K.F.J
. Timmermans eo W.P.L. van de Klok/REMI/9060435936 70204553974097
62 EH xui-46911317/PURP//CD/EPAY/ISDT/2025-11-07
:61:251107C000000000338,80N100EREF//OO9T005185553738
NL08RABO0382207459
:86:/EREF/07-11-2025 17:40 7020984791680467/TRCD/100/ORDP//NAME/W. Go
uw-Jansen eo C.W. Gouw/REMI/9060447698 7020984791680467 SR xui-77
312365/PURP//CD/EPAY/ISDT/2025-11-07
:61:251107C000000000364,80N100EREF//OO9T005185552533
NL59RABO0108318117
:86:/EREF/07-11-2025 17:40 7020525700681061/TRCD/100/ORDP//NAME/S.T.M
. Hengst/REMI/9060453739 7020525700681061 SR xui-32639215/PURP//C
D/EPAY/ISDT/2025-11-07
:61:251107C000000000076,50N100EREF//OO9T005185565230
NL64RABO0358540585
:86:/EREF/07-11-2025 17:43 7020665691441805/TRCD/100/ORDP//NAME/D. Vi
sser/REMI/9060459778 7020665691441805 LH xui-70886787/PURP//CD/EP
AY/ISDT/2025-11-07
:61:251107C000000000031,50N100EREF//OO9T005185588700
NL35RABO0342216201
:86:/EREF/07-11-2025 17:50 7020025694681982/TRCD/100/ORDP//NAME/M.K. 
Postema eo Y. Postema-Kamminga/REMI/9060475483 7020025694681982 H
H xui-90347633/PURP//CD/EPAY/ISDT/2025-11-07
:61:251107C000000000699,20N100EREF//OO9T005185603862
NL68RABO0330323504
:86:/EREF/07-11-2025 17:54 7020594491409219/TRCD/100/ORDP//NAME/W.H.W
. van Dee/REMI/9060484254 7020594491409219 LH xui-16203652/PURP//
CD/EPAY/ISDT/2025-11-07
:61:251107C000000000151,60N100EREF//OO9T005185619213
NL48RABO0347682693
:86:/EREF/07-11-2025 17:58 7020254803591550/TRCD/100/ORDP//NAME/H.F. 
Dijkstra eo M. Mutsaers/REMI/9060490772 7020254803591550 HB xui-1
4219386/PURP//CD/EPAY/ISDT/2025-11-07
:61:251107C000000000891,48N541EREF//OO9T005185627423
NL80RABO0315303808
:86:/EREF/OO9B005185627423/PREF/OO9B005185627423/TRCD/541/ORDP//NAME/
Y.C.A. van Beek eo B. Arnouts/REMI/reserveringsnummer '4660987'/I
SDT/2025-11-07
:61:251107C000000000481,12N100EREF//OO9T005185630033
NL97RABO0148800092
:86:/EREF/07-11-2025 18:01 7020636600620665/TRCD/100/ORDP//NAME/A.L.N
. van Mook/REMI/9060501440 7020636600620665 LH xui-33442053/PURP/
/CD/EPAY/ISDT/2025-11-07
:61:251107C000000001071,50N100EREF//OO9T005185629142
NL46RABO0141893834
:86:/EREF/07-11-2025 18:01 7020296609649747/TRCD/100/ORDP//NAME/F.T.H
. van Lier/REMI/9060497191 7020296609649747 LH xui-12513556/PURP/
/CD/EPAY/ISDT/2025-11-07
:61:251107C000000000369,80N100EREF//OO9T005185653797
NL42RABO0396717853
:86:/EREF/07-11-2025 18:08 7020065985649981/TRCD/100/ORDP//NAME/J.S. 
Scholing/REMI/9060522635 7020065985649981 HH xui-18457800/PURP//C
D/EPAY/ISDT/2025-11-07
:61:251107C000000001678,67N100EREF//OO9T005185673235
NL71RABO0355378744
:86:/EREF/07-11-2025 18:14 7020696297681241/TRCD/100/ORDP//NAME/Juuls
 Landje B.V./REMI/9060534352 7020696297681241 EH xui-16510529/PUR
P//CD/EPAY/ISDT/2025-11-07
:61:251107D000001124359,11N625NONREF//NP8A000252154537
NL31RABO0300087233
:86:/EREF/POYTCPE2025000003517/TRCD/625/BENM//NAME/Center Parcs Europ
e N.V./REMI/CPES110700011 CC300002343/300087233/INIT//NAME/Center
 Parcs Europe N.V.
:61:251106D000000081758,66N625NONREF//NP8A000252154539
NL31RABO0300087233
:86:/EREF/POYTCPE2025000003515/TRCD/625/BENM//NAME/Center Parcs Europ
e N.V./REMI/CPES110700010 CC300002343/300087233/INIT//NAME/Center
 Parcs Europe N.V.
:61:251107C000000001708,95N100EREF//OO9T005185684450
NL58RABO0380417006
:86:/EREF/07-11-2025 18:17 7020605691529132/TRCD/100/ORDP//NAME/A. Ha
agsman/REMI/9060538950 7020605691529132 SR xui-22383356/PURP//CD/
EPAY/ISDT/2025-11-07
:61:251107C000000000250,00N100EREF//OO9T005185739593
NL52RABO0170535304
:86:/EREF/07-11-2025 18:33 7020594488499852/TRCD/100/ORDP//NAME/N. Pe
lzers/REMI/9060580024 7020594488499852 MD xui-71796999/PURP//CD/E
PAY/ISDT/2025-11-07
:61:251107C000000000077,00N100EREF//OO9T005185742369
NL58RABO0349808171
:86:/EREF/07-11-2025 18:34 7020104800469489/TRCD/100/ORDP//NAME/J.J. 
van Dijk eo H.S. Lok/REMI/9060583978 7020104800469489 SR xui-1498
0184/PURP//CD/EPAY/ISDT/2025-11-07
:61:251107C000000000343,66N100EREF//OO9T005185745760
NL45RABO0384785247
:86:/EREF/07-11-2025 18:35 7020656900500869/TRCD/100/ORDP//NAME/E.H. 
Hoekerd eo J. Hoekerd-Hop/REMI/9060580337 7020656900500869 AR xui
 31078288/PURP//CD/EPAY/ISDT/2025-11-07
:61:251107C000000000485,24N100EREF//OO9T005185762912
NL89RABO0346151198
:86:/EREF/07-11-2025 18:40 7020624482591754/TRCD/100/ORDP//NAME/M.K. 
de Haan eo A. de Haan-Holwerda/REMI/9060595699 7020624482591754 E
H xui-74601173/PURP//CD/EPAY/ISDT/2025-11-07
:61:251107C000000000250,00N100EREF//OO9T005185791498
NL64RABO0109395794
:86:/EREF/07-11-2025 18:49 7020514182529516/TRCD/100/ORDP//NAME/H.L. 
Baten eo M.E.J. Baten-Werink/REMI/9060612877 7020514182529516 MD 
xui-40954858/PURP//CD/EPAY/ISDT/2025-11-07
:61:251107C000000000446,24N100EREF//OO9T005185817591
NL34RABO0159315832
:86:/EREF/07-11-2025 18:57 7020806000561778/TRCD/100/ORDP//NAME/S.G.A
. Nijssen-Ewals eo L.W.M. Nijssen/REMI/9060633065 702080600056177
8 VM xui-31886940/PURP//CD/EPAY/ISDT/2025-11-07
:61:251107C000000000059,00N100EREF//OO9T005185824512
NL10RABO0361116810
:86:/EREF/07-11-2025 18:59 7020866000680014/TRCD/100/ORDP//NAME/N.B.M
.A. ten Broek/REMI/9060638024 7020866000680014 EH xui-92764498/PU
RP//CD/EPAY/ISDT/2025-11-07
:61:251107C000000000321,96N100EREF//OO9T005185864960
NL78RABO0363291296
:86:/EREF/07-11-2025 19:11 7020675388560368/TRCD/100/ORDP//NAME/B.M.A
. Beijer eo E. Hartensveld/REMI/9060659968 7020675388560368 LH xu
i-74064599/PURP//CD/EPAY/ISDT/2025-11-07
:61:251107C000000000004,95N100EREF//OO9T005185862690
NL49RABO0140918736
:86:/EREF/07-11-2025 19:10 7020295106559585/TRCD/100/ORDP//NAME/W.Peg
els/REMI/9060663656 7020295106559585 BT xui-10184972/PURP//CD/EPA
Y/ISDT/2025-11-07
:61:251107C000000000805,86N100EREF//OO9T005185886443
NL70RABO0366642693
:86:/EREF/07-11-2025 19:18 7020514182409081/TRCD/100/ORDP//NAME/M.J.A
. van de Wijdeven eo A.A.M. van Oort/REMI/9060683582 702051418240
9081 HA xui-95608014/PURP//CD/EPAY/ISDT/2025-11-07
:61:251107C000000001291,40N100EREF//OO9T005185934835
NL55RABO0313081697
:86:/EREF/07-11-2025 19:33 7020174209439720/TRCD/100/ORDP//NAME/A. Bu
itenkamp/REMI/9060711321 7020174209439720 HB xui-48622079/PURP//C
D/EPAY/ISDT/2025-11-07
:61:251107C000000000005,00N100EREF//OO9T005185950565
NL37RABO0131889125
:86:/EREF/07-11-2025 19:38 7020244809500719/TRCD/100/ORDP//NAME/M.K. 
Voorstad/REMI/9060721889 7020244809500719 HB xui-52952579/PURP//C
D/EPAY/ISDT/2025-11-07
:61:251107C000000001313,10N100EREF//OO9T005185950667
NL63RABO0137922639
:86:/EREF/07-11-2025 19:38 7020836588679096/TRCD/100/ORDP//NAME/M.A.P
. Burlet eo M.M.H. Burlet/REMI/9060726139 7020836588679096 VM xui
 63782755/PURP//CD/EPAY/ISDT/2025-11-07
:61:251107C000000000059,00N100EREF//OO9T005185949556
NL24RABO0364205717
:86:/EREF/07-11-2025 19:38 7020954200499213/TRCD/100/ORDP//NAME/L.J.J
. Verhoeven eo R.T.H.C. van der Mierden/REMI/9060723965 702095420
0499213 EP xui-15559276/PURP//CD/EPAY/ISDT/2025-11-07
:61:251107C000000000015,00N100EREF//OO9T005185962929
NL96RABO0368745864
:86:/EREF/07-11-2025 19:42 7020315100651211/TRCD/100/ORDP//NAME/G.A. 
Visser/REMI/9060731744 7020315100651211 VM xui-38307863/PURP//CD/
EPAY/ISDT/2025-11-07
:61:251107C000000000250,00N100EREF//OO9T005185984669
NL30RABO0107153378
:86:/EREF/07-11-2025 19:49 7020295385471724/TRCD/100/ORDP//NAME/K.C.R
. van den Dungen/REMI/9060746457 7020295385471724 VM xui-18021148
/PURP//CD/EPAY/ISDT/2025-11-07
:61:251107C000000000064,50N100EREF//OO9T005185986157
NL96RABO0368745864
:86:/EREF/07-11-2025 19:49 7020895682649645/TRCD/100/ORDP//NAME/G.A. 
Visser/REMI/9060742820 7020895682649645 VM xui-38307863/PURP//CD/
EPAY/ISDT/2025-11-07
:61:251107C000000000413,57N541NONREF//PEIP-20251107119
NL67SNSB0948492791
:86:/TRCD/541/ORDP//NAME/L. Wolters e/o L.A. Wolters-Foekens/REMI/Res
erveringsnummer 5965409. Fam. Wolters/ISDT/2025-11-07
:61:251107C000000000697,20N100EREF//OO9T005185987067
NL06RABO0160395364
:86:/EREF/07-11-2025 19:50 7020194182471232/TRCD/100/ORDP//NAME/F. Sc
hooneman/REMI/9060747720 7020194182471232 KV xui-36102359/PURP//C
D/EPAY/ISDT/2025-11-07
:61:251107C000000000030,00N100EREF//OO9T005186016493
NL95RABO0375835709
:86:/EREF/07-11-2025 19:59 7020335685650479/TRCD/100/ORDP//NAME/H. St
aghouwer eo J.C. Staghouwer-Ronner/ID/76753972/REMI/9060762178 70
20335685650479 HH xui-90678488/PURP//CD/EPAY/ISDT/2025-11-07
:61:251107C000000001548,70N100EREF//OO9T005186011021
NL61RABO0107956950
:86:/EREF/07-11-2025 19:57 7020956882620548/TRCD/100/ORDP//NAME/E. Lu
reman-de Vletter eo A.B. Lureman-de Vletter/REMI/9060760717 70209
56882620548 SR xui-47032524/PURP//CD/EPAY/ISDT/2025-11-07
:61:251107C000000000021,00N100EREF//OO9T005186019269
NL90RABO0365629847
:86:/EREF/07-11-2025 20:00 7020605403500239/TRCD/100/ORDP//NAME/J.A. 
Jansen eo H.J. van Toorn/REMI/9060766501 7020605403500239 HH xui-
69878575/PURP//CD/EPAY/ISDT/2025-11-07
:61:251107C000000000596,60N100EREF//OO9T005186021102
NL35RABO0113184263
:86:/EREF/07-11-2025 20:01 7020074482409744/TRCD/100/ORDP//NAME/B.J.M
. de Koning/REMI/9060768102 7020074482409744 KV xui-14321145/PURP
//CD/EPAY/ISDT/2025-11-07
:61:251107C000000000651,13N541NONREF//PEIP-20251107119
NL87INGB0677797206
:86:/TRCD/541/ORDP//NAME/Hr TA de Vries/REMI/9448942/ISDT/2025-11-07
:61:251107C000000000021,00N100EREF//OO9T005186064693
NL17RABO0119488035
:86:/EREF/07-11-2025 20:16 7020625388531508/TRCD/100/ORDP//NAME/R.A. 
Alders/REMI/9060794280 7020625388531508 EP xui-67595317/PURP//CD/
EPAY/ISDT/2025-11-07
:61:251107C000000000250,00N100EREF//OO9T005186066787
NL25RABO0157720829
:86:/EREF/07-11-2025 20:17 7020594209681991/TRCD/100/ORDP//NAME/S. Bo
rremans/REMI/9060791272 7020594209681991 LH xui-17565687/PURP//CD
/EPAY/ISDT/2025-11-07
:61:251107C000000000894,80N100EREF//OO9T005186079411
NL96RABO0190005807
:86:/EREF/07-11-2025 20:21 7020486303591370/TRCD/100/ORDP//NAME/P.J. 
van Rees eo D. Bot/REMI/9060797866 7020486303591370 EP xui-414782
36/PURP//CD/EPAY/ISDT/2025-11-07
:61:251107C000000000511,00N541NONREF//PEIP-20251107119
NL83INGB0798455578
:86:/TRCD/541/ORDP//NAME/Mw LBC Visbeek,Hr TRE Erens/REMI/7834772/ISD
T/2025-11-07
:61:251107C000000000038,25N100EREF//OO9T005186089173
NL39RABO0122436342
:86:/EREF/07-11-2025 20:25 7020656906621367/TRCD/100/ORDP//NAME/R.G.H
. Rijks eo M.H.H. Rijks-Hirsch/REMI/9060808505 7020656906621367 L
H xui-10635428/PURP//CD/EPAY/ISDT/2025-11-07
:61:251107C000000000365,80N541NONREF//PEIP-20251107119
NL21INGB0003785455
:86:/TRCD/541/ORDP//NAME/J van Hanswijk en W van Hanswijk-van Rothuiz
en/REMI/reservering nummer 72565/ISDT/2025-11-07
:61:251107C000000000476,80N100EREF//OO9T005186098345
NL46RABO0319466787
:86:/EREF/07-11-2025 20:28 7020376282409915/TRCD/100/ORDP//NAME/V.S. 
Eijben eo S. Eijben/REMI/9060813572 7020376282409915 LH xui-49663
916/PURP//CD/EPAY/ISDT/2025-11-07
:61:251107C000000000250,00N100EREF//OO9T005186101695
NL90RABO0133567435
:86:/EREF/07-11-2025 20:29 7020205991501496/TRCD/100/ORDP//NAME/T. Ho
pman eo C. Heres/REMI/9060813709 7020205991501496 HB xui-34878440
/PURP//CD/EPAY/ISDT/2025-11-07
:61:251107C000000001922,45N541EREF//OO9T005186106699
NL93RABO0312022840
:86:/EREF/OO9B005186106699/PREF/OO9B005186106699/TRCD/541/ORDP//NAME/
M.A.J. Boons/REMI/7503646/ISDT/2025-11-07
:61:251107C000000000310,72N100EREF//OO9T005186112784
NL07RABO0119736438
:86:/EREF/07-11-2025 20:33 7020216309651775/TRCD/100/ORDP//NAME/N.A.M
. Beentjes eo P. Kraaijenoord/REMI/9060822367 7020216309651775 MD
 xui-62695399/PURP//CD/EPAY/ISDT/2025-11-07
:61:251107C000000000009,00N100EREF//OO9T005186112542
NL06RABO0128228709
:86:/EREF/07-11-2025 20:33 7020025409469975/TRCD/100/ORDP//NAME/J. va
n den Beemd/REMI/9060820783 7020025409469975 PZ xui-73184281/PURP
//CD/EPAY/ISDT/2025-11-07
:61:251107C000000000309,20N100EREF//OO9T005186115278
NL48RABO0348235593
:86:/EREF/07-11-2025 20:34 7020954494469639/TRCD/100/ORDP//NAME/P.J. 
Serwa eo P.A. Serwa/REMI/9060822451 7020954494469639 ZV xui-88734
036/PURP//CD/EPAY/ISDT/2025-11-07
:61:251107C000000000492,32N100EREF//OO9T005186130089
NL41RABO0395440963
:86:/EREF/07-11-2025 20:40 7020594194590212/TRCD/100/ORDP//NAME/N. Vi
sbeek/REMI/9060831226 7020594194590212 SL xui-55057254/PURP//CD/E
PAY/ISDT/2025-11-07
:61:251107C000000000804,90N100EREF//OO9T005186138996
NL34RABO0187637407
:86:/EREF/07-11-2025 20:43 7020094488560239/TRCD/100/ORDP//NAME/E.H.M
. Bosman/REMI/9060837768 7020094488560239 LH xui-28299661/PURP//C
D/EPAY/ISDT/2025-11-07
:61:251107C000000000269,00N100EREF//OO9T005186138856
NL09RABO0395041899
:86:/EREF/07-11-2025 20:43 7020016006470959/TRCD/100/ORDP//NAME/W.P. 
Meerkerk eo C.J. Meerkerk-van Dijk/REMI/9060837737 70200160064709
59 EP xui-56753700/PURP//CD/EPAY/ISDT/2025-11-07
:61:251107C000000000824,92N100EREF//OO9T005186145716
NL27RABO0303417994
:86:/EREF/07-11-2025 20:46 7020445685411820/TRCD/100/ORDP//NAME/D. va
n Riet/REMI/9060841131 7020445685411820 EH xui-72630427/PURP//CD/
EPAY/ISDT/2025-11-07
:61:251107C000000000258,95N100EREF//OO9T005186149698
NL15RABO0198737750
:86:/EREF/07-11-2025 20:47 7020484188441808/TRCD/100/ORDP//NAME/BVD D
ienstverlening/REMI/9060843136 7020484188441808 HH xui-21741158/P
URP//CD/EPAY/ISDT/2025-11-07
:61:251107C000000000261,10N100EREF//OO9T005186163107
NL90RABO0367743574
:86:/EREF/07-11-2025 20:52 7020676585439753/TRCD/100/ORDP//NAME/D.H. 
van Dijk/REMI/9060850916 7020676585439753 HH xui-12282990/PURP//C
D/EPAY/ISDT/2025-11-07
:61:251107C000000000367,20N100EREF//OO9T005186196526
NL25RABO0358019427
:86:/EREF/07-11-2025 21:05 7020374506411535/TRCD/100/ORDP//NAME/C. St
olwijk eo J. van Lookeren/REMI/9060870299 7020374506411535 KV xui
 13698836/PURP//CD/EPAY/ISDT/2025-11-07
:61:251107C000000000405,90N100EREF//OO9T005186199833
NL47RABO0109034775
:86:/EREF/07-11-2025 21:06 7020165403680440/TRCD/100/ORDP//NAME/D. Me
thorst/REMI/9060874908 7020165403680440 HB xui-17810185/PURP//CD/
EPAY/ISDT/2025-11-07
:61:251107C000000000553,10N100EREF//OO9T005186203405
NL65RABO0311811884
:86:/EREF/07-11-2025 21:08 7020364506559633/TRCD/100/ORDP//NAME/D. Ve
rvoort/REMI/9060876879 7020364506559633 KV xui-81897074/PURP//CD/
EPAY/ISDT/2025-11-07
:61:251107C000000001029,24N100EREF//OO9T005186209387
NL70RABO0327203463
:86:/EREF/07-11-2025 21:10 7020326885411238/TRCD/100/ORDP//NAME/C.D. 
Noordermeer-Braat/REMI/9060879584 7020326885411238 BT xui-9023987
6/PURP//CD/EPAY/ISDT/2025-11-07
:61:251107C000000002191,24N100EREF//OO9T005186228321
NL13RABO0114649650
:86:/EREF/07-11-2025 21:18 7020976582679618/TRCD/100/ORDP//NAME/M.T.A
. Ketelaars eo IAM Ketelaars-van den Brand/REMI/9060891038 702097
6582679618 KV xui-52167838/PURP//CD/EPAY/ISDT/2025-11-07
:61:251107C000000001000,64N541NONREF//PEIP-20251107119
NL98ABNA0568916212
:86:/TRCD/541/ORDP//NAME/KCJ ROEST/REMI/reservering nummer 3465586/IS
DT/2025-11-07
:61:251107C000000000014,00N100EREF//OO9T005186268998
NL06RABO0112558844
:86:/EREF/07-11-2025 21:35 7020224200620623/TRCD/100/ORDP//NAME/I. va
n Bijsteren/REMI/9060915829 7020224200620623 ZV xui-99878634/PURP
//CD/EPAY/ISDT/2025-11-07
:61:251107C000000002589,65N541NONREF//PEIP-20251107119
NL22INGB0654299447
:86:/TRCD/541/ORDP//NAME/JW van Wandelen/REMI/Reserveringsnummer: 327
6315/ISDT/2025-11-07
:61:251107C000000000014,00N100EREF//OO9T005186313410
NL06RABO0112558844
:86:/EREF/07-11-2025 21:54 7020295706649570/TRCD/100/ORDP//NAME/I. va
n Bijsteren/REMI/9060946809 7020295706649570 EH xui-99878634/PURP
//CD/EPAY/ISDT/2025-11-07
:61:251107C000000002813,90N100EREF//OO9T005186314321
NL28RABO0314205055
:86:/EREF/07-11-2025 21:54 7020394497439231/TRCD/100/ORDP//NAME/W. va
n Blitterswijk eo M.J. van Blitterswijk-Lingem/REMI/9060945232 70
20394497439231 AR xui-44231936/PURP//CD/EPAY/ISDT/2025-11-07
:61:251107C000000001303,36N541EREF//OO9T005186337328
NL34RABO0336515529
:86:/EREF/OO9B005186337328/PREF/OO9B005186337328/TRCD/541/ORDP//NAME/
A.J.M. Hoogkamer eo T.C. Hoogkamer-van Amsterdam/REMI/Reservering
snummer 8175406  Park Zandvoort periode 8 t/m 11 mei 2026/ISDT/20
25-11-07
:61:251107C000000000274,51N100EREF//OO9T005186382058
NL45RABO0377987875
:86:/EREF/07-11-2025 22:22 7020706585470533/TRCD/100/ORDP//NAME/J.M. 
van Bruxvoort eo M. Jagers/REMI/9060986073 7020706585470533 HA xu
i-29575517/PURP//CD/EPAY/ISDT/2025-11-07
:61:251107C000000000453,48N541NONREF//PEIP-20251107119
NL65ABNA0560484208
:86:/TRCD/541/ORDP//NAME/VAG JOURFIER/REMI/Reserveringsnummer 9879983
/ISDT/2025-11-07
:61:251107C000000000733,92N100EREF//OO9T005186419176
NL05RABO0388301635
:86:/EREF/07-11-2025 22:38 7020354500620437/TRCD/100/ORDP//NAME/J.B. 
Janse-Groen eo C. Janse/REMI/9061003842 7020354500620437 EH xui-1
4829265/PURP//CD/EPAY/ISDT/2025-11-07
:61:251107C000000001544,36N100EREF//OO9T005186419492
NL88RABO0338037748
:86:/EREF/07-11-2025 22:38 7020544206591457/TRCD/100/ORDP//NAME/I.E.N
. Vossen/REMI/9061007146 7020544206591457 AR xui-39897655/PURP//C
D/EPAY/ISDT/2025-11-07
:61:251107C000000000494,65N100EREF//OO9T005186427883
NL59RABO0136910904
:86:/EREF/07-11-2025 22:42 7020075382440062/TRCD/100/ORDP//NAME/A.W.M
. Smulders/REMI/9061013605 7020075382440062 HH xui-67570629/PURP/
/CD/EPAY/ISDT/2025-11-07
:61:251107C000000001306,60N100EREF//OO9T005186448552
NL46RABO0370476468
:86:/EREF/07-11-2025 22:51 7020035382621226/TRCD/100/ORDP//NAME/K. va
n den Handel/REMI/9061019760 7020035382621226 HB xui-43029062/PUR
P//CD/EPAY/ISDT/2025-11-07
:61:251107C000000000315,10N100EREF//OO9T005186482741
NL34RABO0132108496
:86:/EREF/07-11-2025 23:08 7020546900440917/TRCD/100/ORDP//NAME/C.F. 
Exterkate/REMI/9061045301 7020546900440917 HH xui-93716149/PURP//
CD/EPAY/ISDT/2025-11-07
:61:251107C000000000664,80N100EREF//OO9T005186489671
NL64RABO0342695053
:86:/EREF/07-11-2025 23:11 7020584782589246/TRCD/100/ORDP//NAME/Ruben
 Klein/REMI/9061047072 7020584782589246 HB xui-25895248/PURP//CD/
EPAY/ISDT/2025-11-07
:62F:C251107EUR000000044203,89
:64:C251107EUR000000044203,89
:65:C251108EUR000000044203,89
:65:C251109EUR000000044203,89
:65:C251110EUR000000044203,89
:65:C251111EUR000000044203,89
