<?xml version="1.0" encoding="utf-16"?>
<Document xmlns:xsi="http://www.w3.org/2001/XMLSchema-instance" xmlns="urn:iso:std:iso:20022:tech:xsd:camt.053.001.02">
  <BkToCstmrStmt>
    <GrpHdr>
      <MsgId>STMT20250829001</MsgId>
      <CreDtTm>2025-09-03T15:50:08</CreDtTm>
    </GrpHdr>
    <Stmt>
      <Id>STMT20250829</Id>
      <CreDtTm>2025-09-03T15:50:08</CreDtTm>
      <Acct>
        <Id>
          <IBAN>NL31RABO0300087233</IBAN>
        </Id>
        <Ccy>EUR</Ccy>
        <Ownr>
          <Nm>Account Holder</Nm>
        </Ownr>
      </Acct>
      <Bal>
        <Tp>OPBD</Tp>
        <Amt Ccy="EUR">-126022.85</Amt>
        <CdtDbtInd>DBIT</CdtDbtInd>
        <Dt>2025-08-29</Dt>
      </Bal>
      <Ntry>
        <Amt Ccy="EUR">8510.00</Amt>
        <CdtDbtInd>CRDT</CdtDbtInd>
        <Sts>BOOK</Sts>
        <BookgDt>2025-08-29</BookgDt>
        <ValDt>2025-08-29</ValDt>
        <NtryDtls>
          <TxDtls>
            <Refs>
              <EndToEndId>000000000000091999</EndToEndId>
            </Refs>
            <RltdPties>
              <Cdtr>
                <Nm>CSV IMPORT</Nm>
              </Cdtr>
            </RltdPties>
          </TxDtls>
        </NtryDtls>
      </Ntry>
      <Ntry>
        <Amt Ccy="EUR">1033862.37</Amt>
        <CdtDbtInd>CRDT</CdtDbtInd>
        <Sts>BOOK</Sts>
        <BookgDt>2025-08-29</BookgDt>
        <ValDt>2025-08-29</ValDt>
        <NtryDtls>
          <TxDtls>
            <Refs>
              <EndToEndId>000000000000092000</EndToEndId>
            </Refs>
            <RltdPties>
              <Cdtr>
                <Nm>CSV IMPORT</Nm>
              </Cdtr>
            </RltdPties>
          </TxDtls>
        </NtryDtls>
      </Ntry>
      <Ntry>
        <Amt Ccy="EUR">1830.68</Amt>
        <CdtDbtInd>CRDT</CdtDbtInd>
        <Sts>BOOK</Sts>
        <BookgDt>2025-08-29</BookgDt>
        <ValDt>2025-08-29</ValDt>
        <NtryDtls>
          <TxDtls>
            <Refs>
              <EndToEndId>000000000000092001</EndToEndId>
            </Refs>
            <RltdPties>
              <Cdtr>
                <Nm>CSV IMPORT</Nm>
              </Cdtr>
            </RltdPties>
            <RmtInf>
              <Ustrd>RE-02600</Ustrd>
            </RmtInf>
          </TxDtls>
        </NtryDtls>
      </Ntry>
      <Ntry>
        <Amt Ccy="EUR">5932.54</Amt>
        <CdtDbtInd>CRDT</CdtDbtInd>
        <Sts>BOOK</Sts>
        <BookgDt>2025-08-29</BookgDt>
        <ValDt>2025-08-29</ValDt>
        <NtryDtls>
          <TxDtls>
            <Refs>
              <EndToEndId>000000000000092002</EndToEndId>
            </Refs>
            <RltdPties>
              <Cdtr>
                <Nm>CSV IMPORT</Nm>
              </Cdtr>
            </RltdPties>
            <RmtInf>
              <Ustrd>1125-664396</Ustrd>
            </RmtInf>
          </TxDtls>
        </NtryDtls>
      </Ntry>
      <Ntry>
        <Amt Ccy="EUR">1530.37</Amt>
        <CdtDbtInd>CRDT</CdtDbtInd>
        <Sts>BOOK</Sts>
        <BookgDt>2025-08-29</BookgDt>
        <ValDt>2025-08-29</ValDt>
        <NtryDtls>
          <TxDtls>
            <Refs>
              <EndToEndId>000000000000092003</EndToEndId>
            </Refs>
            <RltdPties>
              <Cdtr>
                <Nm>CSV IMPORT</Nm>
              </Cdtr>
            </RltdPties>
            <RmtInf>
              <Ustrd>432</Ustrd>
            </RmtInf>
          </TxDtls>
        </NtryDtls>
      </Ntry>
      <Ntry>
        <Amt Ccy="EUR">1615.30</Amt>
        <CdtDbtInd>CRDT</CdtDbtInd>
        <Sts>BOOK</Sts>
        <BookgDt>2025-08-29</BookgDt>
        <ValDt>2025-08-29</ValDt>
        <NtryDtls>
          <TxDtls>
            <Refs>
              <EndToEndId>000000000000092004</EndToEndId>
            </Refs>
            <RltdPties>
              <Cdtr>
                <Nm>CSV IMPORT</Nm>
              </Cdtr>
            </RltdPties>
            <RmtInf>
              <Ustrd>RE-300866</Ustrd>
            </RmtInf>
          </TxDtls>
        </NtryDtls>
      </Ntry>
      <Ntry>
        <Amt Ccy="EUR">484.59</Amt>
        <CdtDbtInd>CRDT</CdtDbtInd>
        <Sts>BOOK</Sts>
        <BookgDt>2025-08-29</BookgDt>
        <ValDt>2025-08-29</ValDt>
        <NtryDtls>
          <TxDtls>
            <Refs>
              <EndToEndId>000000000000092005</EndToEndId>
            </Refs>
            <RltdPties>
              <Cdtr>
                <Nm>CSV IMPORT</Nm>
              </Cdtr>
            </RltdPties>
            <RmtInf>
              <Ustrd>2025/005</Ustrd>
            </RmtInf>
          </TxDtls>
        </NtryDtls>
      </Ntry>
      <Ntry>
        <Amt Ccy="EUR">12922.41</Amt>
        <CdtDbtInd>CRDT</CdtDbtInd>
        <Sts>BOOK</Sts>
        <BookgDt>2025-08-29</BookgDt>
        <ValDt>2025-08-29</ValDt>
        <NtryDtls>
          <TxDtls>
            <Refs>
              <EndToEndId>000000000000092006</EndToEndId>
            </Refs>
            <RltdPties>
              <Cdtr>
                <Nm>CSV IMPORT</Nm>
              </Cdtr>
            </RltdPties>
            <RmtInf>
              <Ustrd>RE-301296</Ustrd>
            </RmtInf>
          </TxDtls>
        </NtryDtls>
      </Ntry>
      <Ntry>
        <Amt Ccy="EUR">1540.06</Amt>
        <CdtDbtInd>CRDT</CdtDbtInd>
        <Sts>BOOK</Sts>
        <BookgDt>2025-08-29</BookgDt>
        <ValDt>2025-08-29</ValDt>
        <NtryDtls>
          <TxDtls>
            <Refs>
              <EndToEndId>000000000000092007</EndToEndId>
            </Refs>
            <RltdPties>
              <Cdtr>
                <Nm>CSV IMPORT</Nm>
              </Cdtr>
            </RltdPties>
          </TxDtls>
        </NtryDtls>
      </Ntry>
      <Ntry>
        <Amt Ccy="EUR">1629969.10</Amt>
        <CdtDbtInd>CRDT</CdtDbtInd>
        <Sts>BOOK</Sts>
        <BookgDt>2025-08-29</BookgDt>
        <ValDt>2025-08-29</ValDt>
        <NtryDtls>
          <TxDtls>
            <Refs>
              <EndToEndId>000000000000092008</EndToEndId>
            </Refs>
            <RltdPties>
              <Cdtr>
                <Nm>CSV IMPORT</Nm>
              </Cdtr>
            </RltdPties>
          </TxDtls>
        </NtryDtls>
      </Ntry>
      <Ntry>
        <Amt Ccy="EUR">9316.00</Amt>
        <CdtDbtInd>CRDT</CdtDbtInd>
        <Sts>BOOK</Sts>
        <BookgDt>2025-08-29</BookgDt>
        <ValDt>2025-08-29</ValDt>
        <NtryDtls>
          <TxDtls>
            <Refs>
              <EndToEndId>000000000000092009</EndToEndId>
            </Refs>
            <RltdPties>
              <Cdtr>
                <Nm>CSV IMPORT</Nm>
              </Cdtr>
            </RltdPties>
            <RmtInf>
              <Ustrd>2505-333</Ustrd>
            </RmtInf>
          </TxDtls>
        </NtryDtls>
      </Ntry>
      <Ntry>
        <Amt Ccy="EUR">148826.92</Amt>
        <CdtDbtInd>CRDT</CdtDbtInd>
        <Sts>BOOK</Sts>
        <BookgDt>2025-08-29</BookgDt>
        <ValDt>2025-08-29</ValDt>
        <NtryDtls>
          <TxDtls>
            <Refs>
              <EndToEndId>000000000000092010</EndToEndId>
            </Refs>
            <RltdPties>
              <Cdtr>
                <Nm>CSV IMPORT</Nm>
              </Cdtr>
            </RltdPties>
          </TxDtls>
        </NtryDtls>
      </Ntry>
      <Ntry>
        <Amt Ccy="EUR">2079.22</Amt>
        <CdtDbtInd>CRDT</CdtDbtInd>
        <Sts>BOOK</Sts>
        <BookgDt>2025-08-29</BookgDt>
        <ValDt>2025-08-29</ValDt>
        <NtryDtls>
          <TxDtls>
            <Refs>
              <EndToEndId>000000000000092011</EndToEndId>
            </Refs>
            <RltdPties>
              <Cdtr>
                <Nm>CSV IMPORT</Nm>
              </Cdtr>
            </RltdPties>
          </TxDtls>
        </NtryDtls>
      </Ntry>
      <Ntry>
        <Amt Ccy="EUR">246329.02</Amt>
        <CdtDbtInd>CRDT</CdtDbtInd>
        <Sts>BOOK</Sts>
        <BookgDt>2025-08-29</BookgDt>
        <ValDt>2025-08-29</ValDt>
        <NtryDtls>
          <TxDtls>
            <Refs>
              <EndToEndId>000000000000092012</EndToEndId>
            </Refs>
            <RltdPties>
              <Cdtr>
                <Nm>CSV IMPORT</Nm>
              </Cdtr>
            </RltdPties>
          </TxDtls>
        </NtryDtls>
      </Ntry>
      <Ntry>
        <Amt Ccy="EUR">9.00</Amt>
        <CdtDbtInd>CRDT</CdtDbtInd>
        <Sts>BOOK</Sts>
        <BookgDt>2025-08-29</BookgDt>
        <ValDt>2025-08-29</ValDt>
        <NtryDtls>
          <TxDtls>
            <Refs>
              <EndToEndId>000000000000092013</EndToEndId>
            </Refs>
            <RltdPties>
              <Cdtr>
                <Nm>CSV IMPORT</Nm>
              </Cdtr>
            </RltdPties>
          </TxDtls>
        </NtryDtls>
      </Ntry>
      <Ntry>
        <Amt Ccy="EUR">1652069.00</Amt>
        <CdtDbtInd>CRDT</CdtDbtInd>
        <Sts>BOOK</Sts>
        <BookgDt>2025-08-29</BookgDt>
        <ValDt>2025-08-29</ValDt>
        <NtryDtls>
          <TxDtls>
            <Refs>
              <EndToEndId>000000000000092014</EndToEndId>
            </Refs>
            <RltdPties>
              <Cdtr>
                <Nm>CSV IMPORT</Nm>
              </Cdtr>
            </RltdPties>
          </TxDtls>
        </NtryDtls>
      </Ntry>
      <Ntry>
        <Amt Ccy="EUR">214.80</Amt>
        <CdtDbtInd>CRDT</CdtDbtInd>
        <Sts>BOOK</Sts>
        <BookgDt>2025-08-29</BookgDt>
        <ValDt>2025-08-29</ValDt>
        <NtryDtls>
          <TxDtls>
            <Refs>
              <EndToEndId>000000000000092015</EndToEndId>
            </Refs>
            <RltdPties>
              <Cdtr>
                <Nm>CSV IMPORT</Nm>
              </Cdtr>
            </RltdPties>
          </TxDtls>
        </NtryDtls>
      </Ntry>
      <Ntry>
        <Amt Ccy="EUR">420.47</Amt>
        <CdtDbtInd>CRDT</CdtDbtInd>
        <Sts>BOOK</Sts>
        <BookgDt>2025-08-29</BookgDt>
        <ValDt>2025-08-29</ValDt>
        <NtryDtls>
          <TxDtls>
            <Refs>
              <EndToEndId>000000000000092016</EndToEndId>
            </Refs>
            <RltdPties>
              <Cdtr>
                <Nm>CSV IMPORT</Nm>
              </Cdtr>
            </RltdPties>
          </TxDtls>
        </NtryDtls>
      </Ntry>
      <Ntry>
        <Amt Ccy="EUR">54.31</Amt>
        <CdtDbtInd>CRDT</CdtDbtInd>
        <Sts>BOOK</Sts>
        <BookgDt>2025-08-29</BookgDt>
        <ValDt>2025-08-29</ValDt>
        <NtryDtls>
          <TxDtls>
            <Refs>
              <EndToEndId>000000000000092017</EndToEndId>
            </Refs>
            <RltdPties>
              <Cdtr>
                <Nm>CSV IMPORT</Nm>
              </Cdtr>
            </RltdPties>
          </TxDtls>
        </NtryDtls>
      </Ntry>
      <Ntry>
        <Amt Ccy="EUR">3676.81</Amt>
        <CdtDbtInd>CRDT</CdtDbtInd>
        <Sts>BOOK</Sts>
        <BookgDt>2025-08-29</BookgDt>
        <ValDt>2025-08-29</ValDt>
        <NtryDtls>
          <TxDtls>
            <Refs>
              <EndToEndId>000000000000092018</EndToEndId>
            </Refs>
            <RltdPties>
              <Cdtr>
                <Nm>CSV IMPORT</Nm>
              </Cdtr>
            </RltdPties>
          </TxDtls>
        </NtryDtls>
      </Ntry>
      <Ntry>
        <Amt Ccy="EUR">1600.00</Amt>
        <CdtDbtInd>CRDT</CdtDbtInd>
        <Sts>BOOK</Sts>
        <BookgDt>2025-08-29</BookgDt>
        <ValDt>2025-08-29</ValDt>
        <NtryDtls>
          <TxDtls>
            <Refs>
              <EndToEndId>000000000000092019</EndToEndId>
            </Refs>
            <RltdPties>
              <Cdtr>
                <Nm>CSV IMPORT</Nm>
              </Cdtr>
            </RltdPties>
            <RmtInf>
              <Ustrd>ICO TRF. NL31RABO0300087233 NAAR NL30RABO0100929567</Ustrd>
            </RmtInf>
          </TxDtls>
        </NtryDtls>
      </Ntry>
      <Ntry>
        <Amt Ccy="EUR">61.70</Amt>
        <CdtDbtInd>CRDT</CdtDbtInd>
        <Sts>BOOK</Sts>
        <BookgDt>2025-08-29</BookgDt>
        <ValDt>2025-08-29</ValDt>
        <NtryDtls>
          <TxDtls>
            <Refs>
              <EndToEndId>000000000000092020</EndToEndId>
            </Refs>
            <RltdPties>
              <Cdtr>
                <Nm>CSV IMPORT</Nm>
              </Cdtr>
            </RltdPties>
            <RmtInf>
              <Ustrd>Rabo Smart Pay omzet bijschrijving Transacties van: 2025-08-28 Verkpnt_00203158 20250829_1</Ustrd>
            </RmtInf>
          </TxDtls>
        </NtryDtls>
      </Ntry>
      <Ntry>
        <Amt Ccy="EUR">610250.88</Amt>
        <CdtDbtInd>CRDT</CdtDbtInd>
        <Sts>BOOK</Sts>
        <BookgDt>2025-08-29</BookgDt>
        <ValDt>2025-08-29</ValDt>
        <NtryDtls>
          <TxDtls>
            <Refs>
              <EndToEndId>000000000000092021</EndToEndId>
            </Refs>
            <RltdPties>
              <Cdtr>
                <Nm>CSV IMPORT</Nm>
              </Cdtr>
            </RltdPties>
            <RmtInf>
              <Ustrd>Clearing P8 2025 Crednr. 50387</Ustrd>
            </RmtInf>
          </TxDtls>
        </NtryDtls>
      </Ntry>
      <Ntry>
        <Amt Ccy="EUR">38788.95</Amt>
        <CdtDbtInd>CRDT</CdtDbtInd>
        <Sts>BOOK</Sts>
        <BookgDt>2025-08-29</BookgDt>
        <ValDt>2025-08-29</ValDt>
        <NtryDtls>
          <TxDtls>
            <Refs>
              <EndToEndId>000000000000092022</EndToEndId>
            </Refs>
            <RltdPties>
              <Cdtr>
                <Nm>CSV IMPORT</Nm>
              </Cdtr>
            </RltdPties>
            <RmtInf>
              <Ustrd>NO.mdRpFs8zxsv5f9tR/ID.354803</Ustrd>
            </RmtInf>
          </TxDtls>
        </NtryDtls>
      </Ntry>
      <Ntry>
        <Amt Ccy="EUR">19658.92</Amt>
        <CdtDbtInd>CRDT</CdtDbtInd>
        <Sts>BOOK</Sts>
        <BookgDt>2025-08-29</BookgDt>
        <ValDt>2025-08-29</ValDt>
        <NtryDtls>
          <TxDtls>
            <Refs>
              <EndToEndId>000000000000092023</EndToEndId>
            </Refs>
            <RltdPties>
              <Cdtr>
                <Nm>CSV IMPORT</Nm>
              </Cdtr>
            </RltdPties>
            <RmtInf>
              <Ustrd>NO.unPRxlQTT2Se853t/ID.568593</Ustrd>
            </RmtInf>
          </TxDtls>
        </NtryDtls>
      </Ntry>
      <Ntry>
        <Amt Ccy="EUR">32.67</Amt>
        <CdtDbtInd>CRDT</CdtDbtInd>
        <Sts>BOOK</Sts>
        <BookgDt>2025-08-29</BookgDt>
        <ValDt>2025-08-29</ValDt>
        <NtryDtls>
          <TxDtls>
            <Refs>
              <EndToEndId>000000000000092024</EndToEndId>
            </Refs>
            <RltdPties>
              <Cdtr>
                <Nm>CSV IMPORT</Nm>
              </Cdtr>
            </RltdPties>
            <RmtInf>
              <Ustrd>ABN000738</Ustrd>
            </RmtInf>
          </TxDtls>
        </NtryDtls>
      </Ntry>
      <Ntry>
        <Amt Ccy="EUR">300000.00</Amt>
        <CdtDbtInd>CRDT</CdtDbtInd>
        <Sts>BOOK</Sts>
        <BookgDt>2025-08-29</BookgDt>
        <ValDt>2025-08-29</ValDt>
        <NtryDtls>
          <TxDtls>
            <Refs>
              <EndToEndId>000000000000092025</EndToEndId>
            </Refs>
            <RltdPties>
              <Cdtr>
                <Nm>CSV IMPORT</Nm>
              </Cdtr>
            </RltdPties>
            <RmtInf>
              <Ustrd>ICO TRF. VAN NL31RABO0300087233 TO NL48RABO0300002343</Ustrd>
            </RmtInf>
          </TxDtls>
        </NtryDtls>
      </Ntry>
      <Ntry>
        <Amt Ccy="EUR">29851.99</Amt>
        <CdtDbtInd>CRDT</CdtDbtInd>
        <Sts>BOOK</Sts>
        <BookgDt>2025-08-29</BookgDt>
        <ValDt>2025-08-29</ValDt>
        <NtryDtls>
          <TxDtls>
            <Refs>
              <EndToEndId>000000000000092026</EndToEndId>
            </Refs>
            <RltdPties>
              <Cdtr>
                <Nm>CSV IMPORT</Nm>
              </Cdtr>
            </RltdPties>
            <RmtInf>
              <Ustrd>CPES082900001 SWEEPING RBCP/SWEEPNL06RABO0100902936 EURNL31RABO0300087233 EUR</Ustrd>
            </RmtInf>
          </TxDtls>
        </NtryDtls>
      </Ntry>
      <Ntry>
        <Amt Ccy="EUR">22611.08</Amt>
        <CdtDbtInd>CRDT</CdtDbtInd>
        <Sts>BOOK</Sts>
        <BookgDt>2025-08-29</BookgDt>
        <ValDt>2025-08-29</ValDt>
        <NtryDtls>
          <TxDtls>
            <Refs>
              <EndToEndId>000000000000092027</EndToEndId>
            </Refs>
            <RltdPties>
              <Cdtr>
                <Nm>CSV IMPORT</Nm>
              </Cdtr>
            </RltdPties>
            <RmtInf>
              <Ustrd>CPES082900002 SWEEPING RBCP/SWEEPNL37RABO0100902960 EURNL31RABO0300087233 EUR</Ustrd>
            </RmtInf>
          </TxDtls>
        </NtryDtls>
      </Ntry>
      <Ntry>
        <Amt Ccy="EUR">19386.50</Amt>
        <CdtDbtInd>CRDT</CdtDbtInd>
        <Sts>BOOK</Sts>
        <BookgDt>2025-08-29</BookgDt>
        <ValDt>2025-08-29</ValDt>
        <NtryDtls>
          <TxDtls>
            <Refs>
              <EndToEndId>000000000000092028</EndToEndId>
            </Refs>
            <RltdPties>
              <Cdtr>
                <Nm>CSV IMPORT</Nm>
              </Cdtr>
            </RltdPties>
            <RmtInf>
              <Ustrd>CPES082900003 SWEEPING RBCP/SWEEPNL84RABO0100902987 EURNL31RABO0300087233 EUR</Ustrd>
            </RmtInf>
          </TxDtls>
        </NtryDtls>
      </Ntry>
      <Ntry>
        <Amt Ccy="EUR">31694.73</Amt>
        <CdtDbtInd>CRDT</CdtDbtInd>
        <Sts>BOOK</Sts>
        <BookgDt>2025-08-29</BookgDt>
        <ValDt>2025-08-29</ValDt>
        <NtryDtls>
          <TxDtls>
            <Refs>
              <EndToEndId>000000000000092029</EndToEndId>
            </Refs>
            <RltdPties>
              <Cdtr>
                <Nm>CSV IMPORT</Nm>
              </Cdtr>
            </RltdPties>
            <RmtInf>
              <Ustrd>CPES082900004 SWEEPING RBCP/SWEEPNL51RABO0300002386 EURNL31RABO0300087233 EUR</Ustrd>
            </RmtInf>
          </TxDtls>
        </NtryDtls>
      </Ntry>
      <Ntry>
        <Amt Ccy="EUR">40471.81</Amt>
        <CdtDbtInd>CRDT</CdtDbtInd>
        <Sts>BOOK</Sts>
        <BookgDt>2025-08-29</BookgDt>
        <ValDt>2025-08-29</ValDt>
        <NtryDtls>
          <TxDtls>
            <Refs>
              <EndToEndId>000000000000092030</EndToEndId>
            </Refs>
            <RltdPties>
              <Cdtr>
                <Nm>CSV IMPORT</Nm>
              </Cdtr>
            </RltdPties>
            <RmtInf>
              <Ustrd>CPES082900005 SWEEPING RBCP/SWEEPNL29RABO0300002394 EURNL31RABO0300087233 EUR</Ustrd>
            </RmtInf>
          </TxDtls>
        </NtryDtls>
      </Ntry>
      <Ntry>
        <Amt Ccy="EUR">46208.84</Amt>
        <CdtDbtInd>CRDT</CdtDbtInd>
        <Sts>BOOK</Sts>
        <BookgDt>2025-08-29</BookgDt>
        <ValDt>2025-08-29</ValDt>
        <NtryDtls>
          <TxDtls>
            <Refs>
              <EndToEndId>000000000000092031</EndToEndId>
            </Refs>
            <RltdPties>
              <Cdtr>
                <Nm>CSV IMPORT</Nm>
              </Cdtr>
            </RltdPties>
            <RmtInf>
              <Ustrd>CPES082900006 SWEEPING RBCP/SWEEPNL39RABO0300002408 EURNL31RABO0300087233 EUR</Ustrd>
            </RmtInf>
          </TxDtls>
        </NtryDtls>
      </Ntry>
      <Ntry>
        <Amt Ccy="EUR">38897.92</Amt>
        <CdtDbtInd>CRDT</CdtDbtInd>
        <Sts>BOOK</Sts>
        <BookgDt>2025-08-29</BookgDt>
        <ValDt>2025-08-29</ValDt>
        <NtryDtls>
          <TxDtls>
            <Refs>
              <EndToEndId>000000000000092032</EndToEndId>
            </Refs>
            <RltdPties>
              <Cdtr>
                <Nm>CSV IMPORT</Nm>
              </Cdtr>
            </RltdPties>
            <RmtInf>
              <Ustrd>CPES082900007 SWEEPING RBCP/SWEEPNL92RABO0300002424 EURNL31RABO0300087233 EUR</Ustrd>
            </RmtInf>
          </TxDtls>
        </NtryDtls>
      </Ntry>
      <Ntry>
        <Amt Ccy="EUR">23541.72</Amt>
        <CdtDbtInd>CRDT</CdtDbtInd>
        <Sts>BOOK</Sts>
        <BookgDt>2025-08-29</BookgDt>
        <ValDt>2025-08-29</ValDt>
        <NtryDtls>
          <TxDtls>
            <Refs>
              <EndToEndId>000000000000092033</EndToEndId>
            </Refs>
            <RltdPties>
              <Cdtr>
                <Nm>CSV IMPORT</Nm>
              </Cdtr>
            </RltdPties>
            <RmtInf>
              <Ustrd>CPES082900008 SWEEPING RBCP/SWEEPNL70RABO0300002432 EURNL31RABO0300087233 EUR</Ustrd>
            </RmtInf>
          </TxDtls>
        </NtryDtls>
      </Ntry>
      <Ntry>
        <Amt Ccy="EUR">28484.86</Amt>
        <CdtDbtInd>CRDT</CdtDbtInd>
        <Sts>BOOK</Sts>
        <BookgDt>2025-08-29</BookgDt>
        <ValDt>2025-08-29</ValDt>
        <NtryDtls>
          <TxDtls>
            <Refs>
              <EndToEndId>000000000000092034</EndToEndId>
            </Refs>
            <RltdPties>
              <Cdtr>
                <Nm>CSV IMPORT</Nm>
              </Cdtr>
            </RltdPties>
            <RmtInf>
              <Ustrd>CPES082900010 CC100924530/300087233</Ustrd>
            </RmtInf>
          </TxDtls>
        </NtryDtls>
      </Ntry>
      <Ntry>
        <Amt Ccy="EUR">86.29</Amt>
        <CdtDbtInd>CRDT</CdtDbtInd>
        <Sts>BOOK</Sts>
        <BookgDt>2025-08-29</BookgDt>
        <ValDt>2025-08-29</ValDt>
        <NtryDtls>
          <TxDtls>
            <Refs>
              <EndToEndId>000000000000092035</EndToEndId>
            </Refs>
            <RltdPties>
              <Cdtr>
                <Nm>CSV IMPORT</Nm>
              </Cdtr>
            </RltdPties>
            <RmtInf>
              <Ustrd>CPES082900016 CC100929567/300087233</Ustrd>
            </RmtInf>
          </TxDtls>
        </NtryDtls>
      </Ntry>
      <Ntry>
        <Amt Ccy="EUR">35330.79</Amt>
        <CdtDbtInd>CRDT</CdtDbtInd>
        <Sts>BOOK</Sts>
        <BookgDt>2025-08-29</BookgDt>
        <ValDt>2025-08-29</ValDt>
        <NtryDtls>
          <TxDtls>
            <Refs>
              <EndToEndId>000000000000092036</EndToEndId>
            </Refs>
            <RltdPties>
              <Cdtr>
                <Nm>CSV IMPORT</Nm>
              </Cdtr>
            </RltdPties>
            <RmtInf>
              <Ustrd>CPES082900013 CC300031319/300087233</Ustrd>
            </RmtInf>
          </TxDtls>
        </NtryDtls>
      </Ntry>
      <Ntry>
        <Amt Ccy="EUR">301.97</Amt>
        <CdtDbtInd>CRDT</CdtDbtInd>
        <Sts>BOOK</Sts>
        <BookgDt>2025-08-29</BookgDt>
        <ValDt>2025-08-29</ValDt>
        <NtryDtls>
          <TxDtls>
            <Refs>
              <EndToEndId>000000000000092037</EndToEndId>
            </Refs>
            <RltdPties>
              <Cdtr>
                <Nm>CSV IMPORT</Nm>
              </Cdtr>
            </RltdPties>
            <RmtInf>
              <Ustrd>CPES082900009 CC100924530/300087233</Ustrd>
            </RmtInf>
          </TxDtls>
        </NtryDtls>
      </Ntry>
      <Ntry>
        <Amt Ccy="EUR">82890.82</Amt>
        <CdtDbtInd>CRDT</CdtDbtInd>
        <Sts>BOOK</Sts>
        <BookgDt>2025-08-29</BookgDt>
        <ValDt>2025-08-29</ValDt>
        <NtryDtls>
          <TxDtls>
            <Refs>
              <EndToEndId>000000000000092038</EndToEndId>
            </Refs>
            <RltdPties>
              <Cdtr>
                <Nm>CSV IMPORT</Nm>
              </Cdtr>
            </RltdPties>
            <RmtInf>
              <Ustrd>CPES082900011 CC300002343/300087233</Ustrd>
            </RmtInf>
          </TxDtls>
        </NtryDtls>
      </Ntry>
      <Ntry>
        <Amt Ccy="EUR">143720.24</Amt>
        <CdtDbtInd>CRDT</CdtDbtInd>
        <Sts>BOOK</Sts>
        <BookgDt>2025-08-29</BookgDt>
        <ValDt>2025-08-29</ValDt>
        <NtryDtls>
          <TxDtls>
            <Refs>
              <EndToEndId>000000000000092039</EndToEndId>
            </Refs>
            <RltdPties>
              <Cdtr>
                <Nm>CSV IMPORT</Nm>
              </Cdtr>
            </RltdPties>
            <RmtInf>
              <Ustrd>CPES082900012 CC300002343/300087233</Ustrd>
            </RmtInf>
          </TxDtls>
        </NtryDtls>
      </Ntry>
      <Ntry>
        <Amt Ccy="EUR">561.50</Amt>
        <CdtDbtInd>CRDT</CdtDbtInd>
        <Sts>BOOK</Sts>
        <BookgDt>2025-08-29</BookgDt>
        <ValDt>2025-08-29</ValDt>
        <NtryDtls>
          <TxDtls>
            <Refs>
              <EndToEndId>000000000000092040</EndToEndId>
            </Refs>
            <RltdPties>
              <Cdtr>
                <Nm>CSV IMPORT</Nm>
              </Cdtr>
            </RltdPties>
            <RmtInf>
              <Ustrd>CPES082900014 CC330208888/300087233</Ustrd>
            </RmtInf>
          </TxDtls>
        </NtryDtls>
      </Ntry>
      <Ntry>
        <Amt Ccy="EUR">51207.33</Amt>
        <CdtDbtInd>CRDT</CdtDbtInd>
        <Sts>BOOK</Sts>
        <BookgDt>2025-08-29</BookgDt>
        <ValDt>2025-08-29</ValDt>
        <NtryDtls>
          <TxDtls>
            <Refs>
              <EndToEndId>000000000000092041</EndToEndId>
            </Refs>
            <RltdPties>
              <Cdtr>
                <Nm>CSV IMPORT</Nm>
              </Cdtr>
            </RltdPties>
            <RmtInf>
              <Ustrd>CPES082900015 CC330208888/300087233</Ustrd>
            </RmtInf>
          </TxDtls>
        </NtryDtls>
      </Ntry>
      <Bal>
        <Tp>CLBD</Tp>
        <Amt Ccy="EUR">-126022.85</Amt>
        <CdtDbtInd>DBIT</CdtDbtInd>
        <Dt>2025-08-29</Dt>
      </Bal>
    </Stmt>
  </BkToCstmrStmt>
</Document>