<?xml version="1.0" encoding="utf-16"?>
<Document xmlns:xsi="http://www.w3.org/2001/XMLSchema-instance" xmlns="urn:iso:std:iso:20022:tech:xsd:camt.053.001.02">
  <BkToCstmrStmt>
    <GrpHdr>
      <MsgId>STMT20250901001</MsgId>
      <CreDtTm>2025-09-03T15:50:08</CreDtTm>
    </GrpHdr>
    <Stmt>
      <Id>STMT20250901</Id>
      <CreDtTm>2025-09-03T15:50:08</CreDtTm>
      <Acct>
        <Id>
          <IBAN>NL31RABO0300087233</IBAN>
        </Id>
        <Ccy>EUR</Ccy>
        <Ownr>
          <Nm>Account Holder</Nm>
        </Ownr>
      </Acct>
      <Bal>
        <Tp>OPBD</Tp>
        <Amt Ccy="EUR">-4311917.73</Amt>
        <CdtDbtInd>DBIT</CdtDbtInd>
        <Dt>2025-09-01</Dt>
      </Bal>
      <Ntry>
        <Amt Ccy="EUR">815.79</Amt>
        <CdtDbtInd>CRDT</CdtDbtInd>
        <Sts>BOOK</Sts>
        <BookgDt>2025-09-01</BookgDt>
        <ValDt>2025-09-01</ValDt>
        <NtryDtls>
          <TxDtls>
            <Refs>
              <EndToEndId>000000000000092071</EndToEndId>
            </Refs>
            <RltdPties>
              <Cdtr>
                <Nm>CSV IMPORT</Nm>
              </Cdtr>
            </RltdPties>
            <RmtInf>
              <Ustrd>Nr 882449</Ustrd>
            </RmtInf>
          </TxDtls>
        </NtryDtls>
      </Ntry>
      <Ntry>
        <Amt Ccy="EUR">779.36</Amt>
        <CdtDbtInd>CRDT</CdtDbtInd>
        <Sts>BOOK</Sts>
        <BookgDt>2025-09-01</BookgDt>
        <ValDt>2025-09-01</ValDt>
        <NtryDtls>
          <TxDtls>
            <Refs>
              <EndToEndId>000000000000092072</EndToEndId>
            </Refs>
            <RltdPties>
              <Cdtr>
                <Nm>CSV IMPORT</Nm>
              </Cdtr>
            </RltdPties>
            <RmtInf>
              <Ustrd>Nr 882448</Ustrd>
            </RmtInf>
          </TxDtls>
        </NtryDtls>
      </Ntry>
      <Ntry>
        <Amt Ccy="EUR">1516.55</Amt>
        <CdtDbtInd>CRDT</CdtDbtInd>
        <Sts>BOOK</Sts>
        <BookgDt>2025-09-01</BookgDt>
        <ValDt>2025-09-01</ValDt>
        <NtryDtls>
          <TxDtls>
            <Refs>
              <EndToEndId>000000000000092073</EndToEndId>
            </Refs>
            <RltdPties>
              <Cdtr>
                <Nm>CSV IMPORT</Nm>
              </Cdtr>
            </RltdPties>
            <RmtInf>
              <Ustrd>Nr 882450</Ustrd>
            </RmtInf>
          </TxDtls>
        </NtryDtls>
      </Ntry>
      <Ntry>
        <Amt Ccy="EUR">4434.91</Amt>
        <CdtDbtInd>CRDT</CdtDbtInd>
        <Sts>BOOK</Sts>
        <BookgDt>2025-09-01</BookgDt>
        <ValDt>2025-09-01</ValDt>
        <NtryDtls>
          <TxDtls>
            <Refs>
              <EndToEndId>000000000000092074</EndToEndId>
            </Refs>
            <RltdPties>
              <Cdtr>
                <Nm>CSV IMPORT</Nm>
              </Cdtr>
            </RltdPties>
            <RmtInf>
              <Ustrd>Afrekenoverzicht Center Parcs Augustus 2025</Ustrd>
            </RmtInf>
          </TxDtls>
        </NtryDtls>
      </Ntry>
      <Ntry>
        <Amt Ccy="EUR">60685.45</Amt>
        <CdtDbtInd>CRDT</CdtDbtInd>
        <Sts>BOOK</Sts>
        <BookgDt>2025-09-01</BookgDt>
        <ValDt>2025-09-01</ValDt>
        <NtryDtls>
          <TxDtls>
            <Refs>
              <EndToEndId>000000000000092075</EndToEndId>
            </Refs>
            <RltdPties>
              <Cdtr>
                <Nm>CSV IMPORT</Nm>
              </Cdtr>
            </RltdPties>
            <RmtInf>
              <Ustrd>CPES090100001 SWEEPING RBCP/SWEEPNL06RABO0100902936 EURNL31RABO0300087233 EUR</Ustrd>
            </RmtInf>
          </TxDtls>
        </NtryDtls>
      </Ntry>
      <Ntry>
        <Amt Ccy="EUR">9521.08</Amt>
        <CdtDbtInd>CRDT</CdtDbtInd>
        <Sts>BOOK</Sts>
        <BookgDt>2025-09-01</BookgDt>
        <ValDt>2025-09-01</ValDt>
        <NtryDtls>
          <TxDtls>
            <Refs>
              <EndToEndId>000000000000092076</EndToEndId>
            </Refs>
            <RltdPties>
              <Cdtr>
                <Nm>CSV IMPORT</Nm>
              </Cdtr>
            </RltdPties>
            <RmtInf>
              <Ustrd>CPES090100002 SWEEPING RBCP/SWEEPNL37RABO0100902960 EURNL31RABO0300087233 EUR</Ustrd>
            </RmtInf>
          </TxDtls>
        </NtryDtls>
      </Ntry>
      <Ntry>
        <Amt Ccy="EUR">2785.80</Amt>
        <CdtDbtInd>CRDT</CdtDbtInd>
        <Sts>BOOK</Sts>
        <BookgDt>2025-09-01</BookgDt>
        <ValDt>2025-09-01</ValDt>
        <NtryDtls>
          <TxDtls>
            <Refs>
              <EndToEndId>000000000000092077</EndToEndId>
            </Refs>
            <RltdPties>
              <Cdtr>
                <Nm>CSV IMPORT</Nm>
              </Cdtr>
            </RltdPties>
            <RmtInf>
              <Ustrd>CPES090100003 SWEEPING RBCP/SWEEPNL84RABO0100902987 EURNL31RABO0300087233 EUR</Ustrd>
            </RmtInf>
          </TxDtls>
        </NtryDtls>
      </Ntry>
      <Ntry>
        <Amt Ccy="EUR">24130.01</Amt>
        <CdtDbtInd>CRDT</CdtDbtInd>
        <Sts>BOOK</Sts>
        <BookgDt>2025-09-01</BookgDt>
        <ValDt>2025-09-01</ValDt>
        <NtryDtls>
          <TxDtls>
            <Refs>
              <EndToEndId>000000000000092078</EndToEndId>
            </Refs>
            <RltdPties>
              <Cdtr>
                <Nm>CSV IMPORT</Nm>
              </Cdtr>
            </RltdPties>
            <RmtInf>
              <Ustrd>CPES090100004 SWEEPING RBCP/SWEEPNL51RABO0300002386 EURNL31RABO0300087233 EUR</Ustrd>
            </RmtInf>
          </TxDtls>
        </NtryDtls>
      </Ntry>
      <Ntry>
        <Amt Ccy="EUR">30359.49</Amt>
        <CdtDbtInd>CRDT</CdtDbtInd>
        <Sts>BOOK</Sts>
        <BookgDt>2025-09-01</BookgDt>
        <ValDt>2025-09-01</ValDt>
        <NtryDtls>
          <TxDtls>
            <Refs>
              <EndToEndId>000000000000092079</EndToEndId>
            </Refs>
            <RltdPties>
              <Cdtr>
                <Nm>CSV IMPORT</Nm>
              </Cdtr>
            </RltdPties>
            <RmtInf>
              <Ustrd>CPES090100005 SWEEPING RBCP/SWEEPNL29RABO0300002394 EURNL31RABO0300087233 EUR</Ustrd>
            </RmtInf>
          </TxDtls>
        </NtryDtls>
      </Ntry>
      <Ntry>
        <Amt Ccy="EUR">35366.08</Amt>
        <CdtDbtInd>CRDT</CdtDbtInd>
        <Sts>BOOK</Sts>
        <BookgDt>2025-09-01</BookgDt>
        <ValDt>2025-09-01</ValDt>
        <NtryDtls>
          <TxDtls>
            <Refs>
              <EndToEndId>000000000000092080</EndToEndId>
            </Refs>
            <RltdPties>
              <Cdtr>
                <Nm>CSV IMPORT</Nm>
              </Cdtr>
            </RltdPties>
            <RmtInf>
              <Ustrd>CPES090100006 SWEEPING RBCP/SWEEPNL39RABO0300002408 EURNL31RABO0300087233 EUR</Ustrd>
            </RmtInf>
          </TxDtls>
        </NtryDtls>
      </Ntry>
      <Ntry>
        <Amt Ccy="EUR">45651.26</Amt>
        <CdtDbtInd>CRDT</CdtDbtInd>
        <Sts>BOOK</Sts>
        <BookgDt>2025-09-01</BookgDt>
        <ValDt>2025-09-01</ValDt>
        <NtryDtls>
          <TxDtls>
            <Refs>
              <EndToEndId>000000000000092081</EndToEndId>
            </Refs>
            <RltdPties>
              <Cdtr>
                <Nm>CSV IMPORT</Nm>
              </Cdtr>
            </RltdPties>
            <RmtInf>
              <Ustrd>CPES090100007 SWEEPING RBCP/SWEEPNL92RABO0300002424 EURNL31RABO0300087233 EUR</Ustrd>
            </RmtInf>
          </TxDtls>
        </NtryDtls>
      </Ntry>
      <Ntry>
        <Amt Ccy="EUR">67110.86</Amt>
        <CdtDbtInd>CRDT</CdtDbtInd>
        <Sts>BOOK</Sts>
        <BookgDt>2025-09-01</BookgDt>
        <ValDt>2025-09-01</ValDt>
        <NtryDtls>
          <TxDtls>
            <Refs>
              <EndToEndId>000000000000092082</EndToEndId>
            </Refs>
            <RltdPties>
              <Cdtr>
                <Nm>CSV IMPORT</Nm>
              </Cdtr>
            </RltdPties>
            <RmtInf>
              <Ustrd>CPES090100008 SWEEPING RBCP/SWEEPNL70RABO0300002432 EURNL31RABO0300087233 EUR</Ustrd>
            </RmtInf>
          </TxDtls>
        </NtryDtls>
      </Ntry>
      <Ntry>
        <Amt Ccy="EUR">90135.26</Amt>
        <CdtDbtInd>CRDT</CdtDbtInd>
        <Sts>BOOK</Sts>
        <BookgDt>2025-09-01</BookgDt>
        <ValDt>2025-09-01</ValDt>
        <NtryDtls>
          <TxDtls>
            <Refs>
              <EndToEndId>000000000000092083</EndToEndId>
            </Refs>
            <RltdPties>
              <Cdtr>
                <Nm>CSV IMPORT</Nm>
              </Cdtr>
            </RltdPties>
            <RmtInf>
              <Ustrd>CPES090100011 CC300002343/300087233</Ustrd>
            </RmtInf>
          </TxDtls>
        </NtryDtls>
      </Ntry>
      <Ntry>
        <Amt Ccy="EUR">123347.08</Amt>
        <CdtDbtInd>CRDT</CdtDbtInd>
        <Sts>BOOK</Sts>
        <BookgDt>2025-09-01</BookgDt>
        <ValDt>2025-09-01</ValDt>
        <NtryDtls>
          <TxDtls>
            <Refs>
              <EndToEndId>000000000000092084</EndToEndId>
            </Refs>
            <RltdPties>
              <Cdtr>
                <Nm>CSV IMPORT</Nm>
              </Cdtr>
            </RltdPties>
            <RmtInf>
              <Ustrd>CPES090100010 CC100924530/300087233</Ustrd>
            </RmtInf>
          </TxDtls>
        </NtryDtls>
      </Ntry>
      <Ntry>
        <Amt Ccy="EUR">73042.74</Amt>
        <CdtDbtInd>CRDT</CdtDbtInd>
        <Sts>BOOK</Sts>
        <BookgDt>2025-09-01</BookgDt>
        <ValDt>2025-09-01</ValDt>
        <NtryDtls>
          <TxDtls>
            <Refs>
              <EndToEndId>000000000000092085</EndToEndId>
            </Refs>
            <RltdPties>
              <Cdtr>
                <Nm>CSV IMPORT</Nm>
              </Cdtr>
            </RltdPties>
            <RmtInf>
              <Ustrd>CPES090100019 CC330208888/300087233</Ustrd>
            </RmtInf>
          </TxDtls>
        </NtryDtls>
      </Ntry>
      <Ntry>
        <Amt Ccy="EUR">696.00</Amt>
        <CdtDbtInd>CRDT</CdtDbtInd>
        <Sts>BOOK</Sts>
        <BookgDt>2025-09-01</BookgDt>
        <ValDt>2025-09-01</ValDt>
        <NtryDtls>
          <TxDtls>
            <Refs>
              <EndToEndId>000000000000092086</EndToEndId>
            </Refs>
            <RltdPties>
              <Cdtr>
                <Nm>CSV IMPORT</Nm>
              </Cdtr>
            </RltdPties>
            <RmtInf>
              <Ustrd>CPES090100016 CC330208888/300087233</Ustrd>
            </RmtInf>
          </TxDtls>
        </NtryDtls>
      </Ntry>
      <Ntry>
        <Amt Ccy="EUR">3353335.47</Amt>
        <CdtDbtInd>CRDT</CdtDbtInd>
        <Sts>BOOK</Sts>
        <BookgDt>2025-09-01</BookgDt>
        <ValDt>2025-09-01</ValDt>
        <NtryDtls>
          <TxDtls>
            <Refs>
              <EndToEndId>000000000000092087</EndToEndId>
            </Refs>
            <RltdPties>
              <Cdtr>
                <Nm>CSV IMPORT</Nm>
              </Cdtr>
            </RltdPties>
            <RmtInf>
              <Ustrd>CPES090100014 CC300002343/300087233</Ustrd>
            </RmtInf>
          </TxDtls>
        </NtryDtls>
      </Ntry>
      <Ntry>
        <Amt Ccy="EUR">142148.62</Amt>
        <CdtDbtInd>CRDT</CdtDbtInd>
        <Sts>BOOK</Sts>
        <BookgDt>2025-09-01</BookgDt>
        <ValDt>2025-09-01</ValDt>
        <NtryDtls>
          <TxDtls>
            <Refs>
              <EndToEndId>000000000000092088</EndToEndId>
            </Refs>
            <RltdPties>
              <Cdtr>
                <Nm>CSV IMPORT</Nm>
              </Cdtr>
            </RltdPties>
            <RmtInf>
              <Ustrd>CPES090100012 CC300002343/300087233</Ustrd>
            </RmtInf>
          </TxDtls>
        </NtryDtls>
      </Ntry>
      <Ntry>
        <Amt Ccy="EUR">228328.68</Amt>
        <CdtDbtInd>CRDT</CdtDbtInd>
        <Sts>BOOK</Sts>
        <BookgDt>2025-09-01</BookgDt>
        <ValDt>2025-09-01</ValDt>
        <NtryDtls>
          <TxDtls>
            <Refs>
              <EndToEndId>000000000000092089</EndToEndId>
            </Refs>
            <RltdPties>
              <Cdtr>
                <Nm>CSV IMPORT</Nm>
              </Cdtr>
            </RltdPties>
            <RmtInf>
              <Ustrd>CPES090100013 CC300002343/300087233</Ustrd>
            </RmtInf>
          </TxDtls>
        </NtryDtls>
      </Ntry>
      <Ntry>
        <Amt Ccy="EUR">9816.99</Amt>
        <CdtDbtInd>CRDT</CdtDbtInd>
        <Sts>BOOK</Sts>
        <BookgDt>2025-09-01</BookgDt>
        <ValDt>2025-09-01</ValDt>
        <NtryDtls>
          <TxDtls>
            <Refs>
              <EndToEndId>000000000000092090</EndToEndId>
            </Refs>
            <RltdPties>
              <Cdtr>
                <Nm>CSV IMPORT</Nm>
              </Cdtr>
            </RltdPties>
            <RmtInf>
              <Ustrd>CPES090100015 CC300031319/300087233</Ustrd>
            </RmtInf>
          </TxDtls>
        </NtryDtls>
      </Ntry>
      <Ntry>
        <Amt Ccy="EUR">1362.00</Amt>
        <CdtDbtInd>CRDT</CdtDbtInd>
        <Sts>BOOK</Sts>
        <BookgDt>2025-09-01</BookgDt>
        <ValDt>2025-09-01</ValDt>
        <NtryDtls>
          <TxDtls>
            <Refs>
              <EndToEndId>000000000000092091</EndToEndId>
            </Refs>
            <RltdPties>
              <Cdtr>
                <Nm>CSV IMPORT</Nm>
              </Cdtr>
            </RltdPties>
            <RmtInf>
              <Ustrd>CPES090100018 CC330208888/300087233</Ustrd>
            </RmtInf>
          </TxDtls>
        </NtryDtls>
      </Ntry>
      <Ntry>
        <Amt Ccy="EUR">672.38</Amt>
        <CdtDbtInd>CRDT</CdtDbtInd>
        <Sts>BOOK</Sts>
        <BookgDt>2025-09-01</BookgDt>
        <ValDt>2025-09-01</ValDt>
        <NtryDtls>
          <TxDtls>
            <Refs>
              <EndToEndId>000000000000092092</EndToEndId>
            </Refs>
            <RltdPties>
              <Cdtr>
                <Nm>CSV IMPORT</Nm>
              </Cdtr>
            </RltdPties>
            <RmtInf>
              <Ustrd>CPES090100009 CC100924530/300087233</Ustrd>
            </RmtInf>
          </TxDtls>
        </NtryDtls>
      </Ntry>
      <Ntry>
        <Amt Ccy="EUR">2166.50</Amt>
        <CdtDbtInd>CRDT</CdtDbtInd>
        <Sts>BOOK</Sts>
        <BookgDt>2025-09-01</BookgDt>
        <ValDt>2025-09-01</ValDt>
        <NtryDtls>
          <TxDtls>
            <Refs>
              <EndToEndId>000000000000092093</EndToEndId>
            </Refs>
            <RltdPties>
              <Cdtr>
                <Nm>CSV IMPORT</Nm>
              </Cdtr>
            </RltdPties>
            <RmtInf>
              <Ustrd>CPES090100017 CC330208888/300087233</Ustrd>
            </RmtInf>
          </TxDtls>
        </NtryDtls>
      </Ntry>
      <Ntry>
        <Amt Ccy="EUR">25.00</Amt>
        <CdtDbtInd>CRDT</CdtDbtInd>
        <Sts>BOOK</Sts>
        <BookgDt>2025-09-01</BookgDt>
        <ValDt>2025-09-01</ValDt>
        <NtryDtls>
          <TxDtls>
            <Refs>
              <EndToEndId>000000000000092094</EndToEndId>
            </Refs>
            <RltdPties>
              <Cdtr>
                <Nm>CSV IMPORT</Nm>
              </Cdtr>
            </RltdPties>
            <RmtInf>
              <Ustrd>Kosten                             Periode 01-08-2025 t/m 31-08-2025</Ustrd>
            </RmtInf>
          </TxDtls>
        </NtryDtls>
      </Ntry>
      <Ntry>
        <Amt Ccy="EUR">5275.43</Amt>
        <CdtDbtInd>CRDT</CdtDbtInd>
        <Sts>BOOK</Sts>
        <BookgDt>2025-09-01</BookgDt>
        <ValDt>2025-09-01</ValDt>
        <NtryDtls>
          <TxDtls>
            <Refs>
              <EndToEndId>000000000000092095</EndToEndId>
            </Refs>
            <RltdPties>
              <Cdtr>
                <Nm>CSV IMPORT</Nm>
              </Cdtr>
            </RltdPties>
            <RmtInf>
              <Ustrd>Kosten                             Periode 01-08-2025 t/m 31-08-2025</Ustrd>
            </RmtInf>
          </TxDtls>
        </NtryDtls>
      </Ntry>
      <Bal>
        <Tp>CLBD</Tp>
        <Amt Ccy="EUR">-4311917.73</Amt>
        <CdtDbtInd>DBIT</CdtDbtInd>
        <Dt>2025-09-01</Dt>
      </Bal>
    </Stmt>
  </BkToCstmrStmt>
</Document>