<?xml version="1.0" encoding="utf-16"?>
<Document xmlns:xsi="http://www.w3.org/2001/XMLSchema-instance" xmlns="urn:iso:std:iso:20022:tech:xsd:camt.053.001.02">
  <BkToCstmrStmt>
    <GrpHdr>
      <MsgId>STMT20250830001</MsgId>
      <CreDtTm>2025-09-03T15:50:08</CreDtTm>
    </GrpHdr>
    <Stmt>
      <Id>STMT20250830</Id>
      <CreDtTm>2025-09-03T15:50:08</CreDtTm>
      <Acct>
        <Id>
          <IBAN>NL31RABO0300087233</IBAN>
        </Id>
        <Ccy>EUR</Ccy>
        <Ownr>
          <Nm>Account Holder</Nm>
        </Ownr>
      </Acct>
      <Bal>
        <Tp>OPBD</Tp>
        <Amt Ccy="EUR">-214084.38</Amt>
        <CdtDbtInd>DBIT</CdtDbtInd>
        <Dt>2025-08-30</Dt>
      </Bal>
      <Ntry>
        <Amt Ccy="EUR">2837.66</Amt>
        <CdtDbtInd>CRDT</CdtDbtInd>
        <Sts>BOOK</Sts>
        <BookgDt>2025-08-30</BookgDt>
        <ValDt>2025-08-30</ValDt>
        <NtryDtls>
          <TxDtls>
            <Refs>
              <EndToEndId>000000000000092042</EndToEndId>
            </Refs>
            <RltdPties>
              <Cdtr>
                <Nm>CSV IMPORT</Nm>
              </Cdtr>
            </RltdPties>
            <RmtInf>
              <Ustrd>NOW5100012653-810803495L09</Ustrd>
            </RmtInf>
          </TxDtls>
        </NtryDtls>
      </Ntry>
      <Ntry>
        <Amt Ccy="EUR">2576.90</Amt>
        <CdtDbtInd>CRDT</CdtDbtInd>
        <Sts>BOOK</Sts>
        <BookgDt>2025-08-30</BookgDt>
        <ValDt>2025-08-30</ValDt>
        <NtryDtls>
          <TxDtls>
            <Refs>
              <EndToEndId>000000000000092043</EndToEndId>
            </Refs>
            <RltdPties>
              <Cdtr>
                <Nm>CSV IMPORT</Nm>
              </Cdtr>
            </RltdPties>
            <RmtInf>
              <Ustrd>NOW5100012814-810803495L05</Ustrd>
            </RmtInf>
          </TxDtls>
        </NtryDtls>
      </Ntry>
      <Ntry>
        <Amt Ccy="EUR">3961.05</Amt>
        <CdtDbtInd>CRDT</CdtDbtInd>
        <Sts>BOOK</Sts>
        <BookgDt>2025-08-30</BookgDt>
        <ValDt>2025-08-30</ValDt>
        <NtryDtls>
          <TxDtls>
            <Refs>
              <EndToEndId>000000000000092044</EndToEndId>
            </Refs>
            <RltdPties>
              <Cdtr>
                <Nm>CSV IMPORT</Nm>
              </Cdtr>
            </RltdPties>
            <RmtInf>
              <Ustrd>NOW3300023228-810803495L09</Ustrd>
            </RmtInf>
          </TxDtls>
        </NtryDtls>
      </Ntry>
      <Ntry>
        <Amt Ccy="EUR">3809.50</Amt>
        <CdtDbtInd>CRDT</CdtDbtInd>
        <Sts>BOOK</Sts>
        <BookgDt>2025-08-30</BookgDt>
        <ValDt>2025-08-30</ValDt>
        <NtryDtls>
          <TxDtls>
            <Refs>
              <EndToEndId>000000000000092045</EndToEndId>
            </Refs>
            <RltdPties>
              <Cdtr>
                <Nm>CSV IMPORT</Nm>
              </Cdtr>
            </RltdPties>
            <RmtInf>
              <Ustrd>NOW3300023221-810803495L01</Ustrd>
            </RmtInf>
          </TxDtls>
        </NtryDtls>
      </Ntry>
      <Ntry>
        <Amt Ccy="EUR">2732.60</Amt>
        <CdtDbtInd>CRDT</CdtDbtInd>
        <Sts>BOOK</Sts>
        <BookgDt>2025-08-30</BookgDt>
        <ValDt>2025-08-30</ValDt>
        <NtryDtls>
          <TxDtls>
            <Refs>
              <EndToEndId>000000000000092046</EndToEndId>
            </Refs>
            <RltdPties>
              <Cdtr>
                <Nm>CSV IMPORT</Nm>
              </Cdtr>
            </RltdPties>
            <RmtInf>
              <Ustrd>NOW5100012645-809073766L01</Ustrd>
            </RmtInf>
          </TxDtls>
        </NtryDtls>
      </Ntry>
      <Ntry>
        <Amt Ccy="EUR">1358.33</Amt>
        <CdtDbtInd>CRDT</CdtDbtInd>
        <Sts>BOOK</Sts>
        <BookgDt>2025-08-30</BookgDt>
        <ValDt>2025-08-30</ValDt>
        <NtryDtls>
          <TxDtls>
            <Refs>
              <EndToEndId>000000000000092047</EndToEndId>
            </Refs>
            <RltdPties>
              <Cdtr>
                <Nm>CSV IMPORT</Nm>
              </Cdtr>
            </RltdPties>
            <RmtInf>
              <Ustrd>NOW5100012652-810803495L07</Ustrd>
            </RmtInf>
          </TxDtls>
        </NtryDtls>
      </Ntry>
      <Ntry>
        <Amt Ccy="EUR">2138.60</Amt>
        <CdtDbtInd>CRDT</CdtDbtInd>
        <Sts>BOOK</Sts>
        <BookgDt>2025-08-30</BookgDt>
        <ValDt>2025-08-30</ValDt>
        <NtryDtls>
          <TxDtls>
            <Refs>
              <EndToEndId>000000000000092048</EndToEndId>
            </Refs>
            <RltdPties>
              <Cdtr>
                <Nm>CSV IMPORT</Nm>
              </Cdtr>
            </RltdPties>
            <RmtInf>
              <Ustrd>NOW5100012651-810803495L06</Ustrd>
            </RmtInf>
          </TxDtls>
        </NtryDtls>
      </Ntry>
      <Ntry>
        <Amt Ccy="EUR">3911.10</Amt>
        <CdtDbtInd>CRDT</CdtDbtInd>
        <Sts>BOOK</Sts>
        <BookgDt>2025-08-30</BookgDt>
        <ValDt>2025-08-30</ValDt>
        <NtryDtls>
          <TxDtls>
            <Refs>
              <EndToEndId>000000000000092049</EndToEndId>
            </Refs>
            <RltdPties>
              <Cdtr>
                <Nm>CSV IMPORT</Nm>
              </Cdtr>
            </RltdPties>
            <RmtInf>
              <Ustrd>NOW3300023224-810803495L04</Ustrd>
            </RmtInf>
          </TxDtls>
        </NtryDtls>
      </Ntry>
      <Ntry>
        <Amt Ccy="EUR">2549.50</Amt>
        <CdtDbtInd>CRDT</CdtDbtInd>
        <Sts>BOOK</Sts>
        <BookgDt>2025-08-30</BookgDt>
        <ValDt>2025-08-30</ValDt>
        <NtryDtls>
          <TxDtls>
            <Refs>
              <EndToEndId>000000000000092050</EndToEndId>
            </Refs>
            <RltdPties>
              <Cdtr>
                <Nm>CSV IMPORT</Nm>
              </Cdtr>
            </RltdPties>
            <RmtInf>
              <Ustrd>NOW5100012648-810803495L02</Ustrd>
            </RmtInf>
          </TxDtls>
        </NtryDtls>
      </Ntry>
      <Ntry>
        <Amt Ccy="EUR">3452.85</Amt>
        <CdtDbtInd>CRDT</CdtDbtInd>
        <Sts>BOOK</Sts>
        <BookgDt>2025-08-30</BookgDt>
        <ValDt>2025-08-30</ValDt>
        <NtryDtls>
          <TxDtls>
            <Refs>
              <EndToEndId>000000000000092051</EndToEndId>
            </Refs>
            <RltdPties>
              <Cdtr>
                <Nm>CSV IMPORT</Nm>
              </Cdtr>
            </RltdPties>
            <RmtInf>
              <Ustrd>NOW3300023222-810803495L02</Ustrd>
            </RmtInf>
          </TxDtls>
        </NtryDtls>
      </Ntry>
      <Ntry>
        <Amt Ccy="EUR">8727.45</Amt>
        <CdtDbtInd>CRDT</CdtDbtInd>
        <Sts>BOOK</Sts>
        <BookgDt>2025-08-30</BookgDt>
        <ValDt>2025-08-30</ValDt>
        <NtryDtls>
          <TxDtls>
            <Refs>
              <EndToEndId>000000000000092052</EndToEndId>
            </Refs>
            <RltdPties>
              <Cdtr>
                <Nm>CSV IMPORT</Nm>
              </Cdtr>
            </RltdPties>
            <RmtInf>
              <Ustrd>NOW6100009182-809073766L01</Ustrd>
            </RmtInf>
          </TxDtls>
        </NtryDtls>
      </Ntry>
      <Ntry>
        <Amt Ccy="EUR">3694.45</Amt>
        <CdtDbtInd>CRDT</CdtDbtInd>
        <Sts>BOOK</Sts>
        <BookgDt>2025-08-30</BookgDt>
        <ValDt>2025-08-30</ValDt>
        <NtryDtls>
          <TxDtls>
            <Refs>
              <EndToEndId>000000000000092053</EndToEndId>
            </Refs>
            <RltdPties>
              <Cdtr>
                <Nm>CSV IMPORT</Nm>
              </Cdtr>
            </RltdPties>
            <RmtInf>
              <Ustrd>NOW3300023243-850605763L01</Ustrd>
            </RmtInf>
          </TxDtls>
        </NtryDtls>
      </Ntry>
      <Ntry>
        <Amt Ccy="EUR">3745.80</Amt>
        <CdtDbtInd>CRDT</CdtDbtInd>
        <Sts>BOOK</Sts>
        <BookgDt>2025-08-30</BookgDt>
        <ValDt>2025-08-30</ValDt>
        <NtryDtls>
          <TxDtls>
            <Refs>
              <EndToEndId>000000000000092054</EndToEndId>
            </Refs>
            <RltdPties>
              <Cdtr>
                <Nm>CSV IMPORT</Nm>
              </Cdtr>
            </RltdPties>
            <RmtInf>
              <Ustrd>NOW6100009184-810803495L01</Ustrd>
            </RmtInf>
          </TxDtls>
        </NtryDtls>
      </Ntry>
      <Ntry>
        <Amt Ccy="EUR">3120.55</Amt>
        <CdtDbtInd>CRDT</CdtDbtInd>
        <Sts>BOOK</Sts>
        <BookgDt>2025-08-30</BookgDt>
        <ValDt>2025-08-30</ValDt>
        <NtryDtls>
          <TxDtls>
            <Refs>
              <EndToEndId>000000000000092055</EndToEndId>
            </Refs>
            <RltdPties>
              <Cdtr>
                <Nm>CSV IMPORT</Nm>
              </Cdtr>
            </RltdPties>
            <RmtInf>
              <Ustrd>NOW6100009189-810803495L06</Ustrd>
            </RmtInf>
          </TxDtls>
        </NtryDtls>
      </Ntry>
      <Ntry>
        <Amt Ccy="EUR">1816.60</Amt>
        <CdtDbtInd>CRDT</CdtDbtInd>
        <Sts>BOOK</Sts>
        <BookgDt>2025-08-30</BookgDt>
        <ValDt>2025-08-30</ValDt>
        <NtryDtls>
          <TxDtls>
            <Refs>
              <EndToEndId>000000000000092056</EndToEndId>
            </Refs>
            <RltdPties>
              <Cdtr>
                <Nm>CSV IMPORT</Nm>
              </Cdtr>
            </RltdPties>
            <RmtInf>
              <Ustrd>NOW3300023227-810803495L07</Ustrd>
            </RmtInf>
          </TxDtls>
        </NtryDtls>
      </Ntry>
      <Ntry>
        <Amt Ccy="EUR">2494.60</Amt>
        <CdtDbtInd>CRDT</CdtDbtInd>
        <Sts>BOOK</Sts>
        <BookgDt>2025-08-30</BookgDt>
        <ValDt>2025-08-30</ValDt>
        <NtryDtls>
          <TxDtls>
            <Refs>
              <EndToEndId>000000000000092057</EndToEndId>
            </Refs>
            <RltdPties>
              <Cdtr>
                <Nm>CSV IMPORT</Nm>
              </Cdtr>
            </RltdPties>
            <RmtInf>
              <Ustrd>NOW5100012649-810803495L03</Ustrd>
            </RmtInf>
          </TxDtls>
        </NtryDtls>
      </Ntry>
      <Ntry>
        <Amt Ccy="EUR">3444.90</Amt>
        <CdtDbtInd>CRDT</CdtDbtInd>
        <Sts>BOOK</Sts>
        <BookgDt>2025-08-30</BookgDt>
        <ValDt>2025-08-30</ValDt>
        <NtryDtls>
          <TxDtls>
            <Refs>
              <EndToEndId>000000000000092058</EndToEndId>
            </Refs>
            <RltdPties>
              <Cdtr>
                <Nm>CSV IMPORT</Nm>
              </Cdtr>
            </RltdPties>
            <RmtInf>
              <Ustrd>NOW6100009188-810803495L05</Ustrd>
            </RmtInf>
          </TxDtls>
        </NtryDtls>
      </Ntry>
      <Ntry>
        <Amt Ccy="EUR">2828.50</Amt>
        <CdtDbtInd>CRDT</CdtDbtInd>
        <Sts>BOOK</Sts>
        <BookgDt>2025-08-30</BookgDt>
        <ValDt>2025-08-30</ValDt>
        <NtryDtls>
          <TxDtls>
            <Refs>
              <EndToEndId>000000000000092059</EndToEndId>
            </Refs>
            <RltdPties>
              <Cdtr>
                <Nm>CSV IMPORT</Nm>
              </Cdtr>
            </RltdPties>
            <RmtInf>
              <Ustrd>NOW3300023226-810803495L06</Ustrd>
            </RmtInf>
          </TxDtls>
        </NtryDtls>
      </Ntry>
      <Ntry>
        <Amt Ccy="EUR">3481.45</Amt>
        <CdtDbtInd>CRDT</CdtDbtInd>
        <Sts>BOOK</Sts>
        <BookgDt>2025-08-30</BookgDt>
        <ValDt>2025-08-30</ValDt>
        <NtryDtls>
          <TxDtls>
            <Refs>
              <EndToEndId>000000000000092060</EndToEndId>
            </Refs>
            <RltdPties>
              <Cdtr>
                <Nm>CSV IMPORT</Nm>
              </Cdtr>
            </RltdPties>
            <RmtInf>
              <Ustrd>NOW3300023225-810803495L05</Ustrd>
            </RmtInf>
          </TxDtls>
        </NtryDtls>
      </Ntry>
      <Ntry>
        <Amt Ccy="EUR">3475.90</Amt>
        <CdtDbtInd>CRDT</CdtDbtInd>
        <Sts>BOOK</Sts>
        <BookgDt>2025-08-30</BookgDt>
        <ValDt>2025-08-30</ValDt>
        <NtryDtls>
          <TxDtls>
            <Refs>
              <EndToEndId>000000000000092061</EndToEndId>
            </Refs>
            <RltdPties>
              <Cdtr>
                <Nm>CSV IMPORT</Nm>
              </Cdtr>
            </RltdPties>
            <RmtInf>
              <Ustrd>NOW6100009185-810803495L02</Ustrd>
            </RmtInf>
          </TxDtls>
        </NtryDtls>
      </Ntry>
      <Ntry>
        <Amt Ccy="EUR">3368.25</Amt>
        <CdtDbtInd>CRDT</CdtDbtInd>
        <Sts>BOOK</Sts>
        <BookgDt>2025-08-30</BookgDt>
        <ValDt>2025-08-30</ValDt>
        <NtryDtls>
          <TxDtls>
            <Refs>
              <EndToEndId>000000000000092062</EndToEndId>
            </Refs>
            <RltdPties>
              <Cdtr>
                <Nm>CSV IMPORT</Nm>
              </Cdtr>
            </RltdPties>
            <RmtInf>
              <Ustrd>NOW3300023223-810803495L03</Ustrd>
            </RmtInf>
          </TxDtls>
        </NtryDtls>
      </Ntry>
      <Ntry>
        <Amt Ccy="EUR">3226.50</Amt>
        <CdtDbtInd>CRDT</CdtDbtInd>
        <Sts>BOOK</Sts>
        <BookgDt>2025-08-30</BookgDt>
        <ValDt>2025-08-30</ValDt>
        <NtryDtls>
          <TxDtls>
            <Refs>
              <EndToEndId>000000000000092063</EndToEndId>
            </Refs>
            <RltdPties>
              <Cdtr>
                <Nm>CSV IMPORT</Nm>
              </Cdtr>
            </RltdPties>
            <RmtInf>
              <Ustrd>NOW6100009186-810803495L03</Ustrd>
            </RmtInf>
          </TxDtls>
        </NtryDtls>
      </Ntry>
      <Ntry>
        <Amt Ccy="EUR">2611.60</Amt>
        <CdtDbtInd>CRDT</CdtDbtInd>
        <Sts>BOOK</Sts>
        <BookgDt>2025-08-30</BookgDt>
        <ValDt>2025-08-30</ValDt>
        <NtryDtls>
          <TxDtls>
            <Refs>
              <EndToEndId>000000000000092064</EndToEndId>
            </Refs>
            <RltdPties>
              <Cdtr>
                <Nm>CSV IMPORT</Nm>
              </Cdtr>
            </RltdPties>
            <RmtInf>
              <Ustrd>NOW5100012647-810803495L01</Ustrd>
            </RmtInf>
          </TxDtls>
        </NtryDtls>
      </Ntry>
      <Ntry>
        <Amt Ccy="EUR">4672.30</Amt>
        <CdtDbtInd>CRDT</CdtDbtInd>
        <Sts>BOOK</Sts>
        <BookgDt>2025-08-30</BookgDt>
        <ValDt>2025-08-30</ValDt>
        <NtryDtls>
          <TxDtls>
            <Refs>
              <EndToEndId>000000000000092065</EndToEndId>
            </Refs>
            <RltdPties>
              <Cdtr>
                <Nm>CSV IMPORT</Nm>
              </Cdtr>
            </RltdPties>
            <RmtInf>
              <Ustrd>NOW3300023218-809073766L01</Ustrd>
            </RmtInf>
          </TxDtls>
        </NtryDtls>
      </Ntry>
      <Ntry>
        <Amt Ccy="EUR">3932.50</Amt>
        <CdtDbtInd>CRDT</CdtDbtInd>
        <Sts>BOOK</Sts>
        <BookgDt>2025-08-30</BookgDt>
        <ValDt>2025-08-30</ValDt>
        <NtryDtls>
          <TxDtls>
            <Refs>
              <EndToEndId>000000000000092066</EndToEndId>
            </Refs>
            <RltdPties>
              <Cdtr>
                <Nm>CSV IMPORT</Nm>
              </Cdtr>
            </RltdPties>
            <RmtInf>
              <Ustrd>NOW6100009187-810803495L04</Ustrd>
            </RmtInf>
          </TxDtls>
        </NtryDtls>
      </Ntry>
      <Ntry>
        <Amt Ccy="EUR">1824.60</Amt>
        <CdtDbtInd>CRDT</CdtDbtInd>
        <Sts>BOOK</Sts>
        <BookgDt>2025-08-30</BookgDt>
        <ValDt>2025-08-30</ValDt>
        <NtryDtls>
          <TxDtls>
            <Refs>
              <EndToEndId>000000000000092067</EndToEndId>
            </Refs>
            <RltdPties>
              <Cdtr>
                <Nm>CSV IMPORT</Nm>
              </Cdtr>
            </RltdPties>
            <RmtInf>
              <Ustrd>NOW6100009190-810803495L07</Ustrd>
            </RmtInf>
          </TxDtls>
        </NtryDtls>
      </Ntry>
      <Ntry>
        <Amt Ccy="EUR">4146.10</Amt>
        <CdtDbtInd>CRDT</CdtDbtInd>
        <Sts>BOOK</Sts>
        <BookgDt>2025-08-30</BookgDt>
        <ValDt>2025-08-30</ValDt>
        <NtryDtls>
          <TxDtls>
            <Refs>
              <EndToEndId>000000000000092068</EndToEndId>
            </Refs>
            <RltdPties>
              <Cdtr>
                <Nm>CSV IMPORT</Nm>
              </Cdtr>
            </RltdPties>
            <RmtInf>
              <Ustrd>NOW6100009191-810803495L09</Ustrd>
            </RmtInf>
          </TxDtls>
        </NtryDtls>
      </Ntry>
      <Ntry>
        <Amt Ccy="EUR">2715.36</Amt>
        <CdtDbtInd>CRDT</CdtDbtInd>
        <Sts>BOOK</Sts>
        <BookgDt>2025-08-30</BookgDt>
        <ValDt>2025-08-30</ValDt>
        <NtryDtls>
          <TxDtls>
            <Refs>
              <EndToEndId>000000000000092069</EndToEndId>
            </Refs>
            <RltdPties>
              <Cdtr>
                <Nm>CSV IMPORT</Nm>
              </Cdtr>
            </RltdPties>
            <RmtInf>
              <Ustrd>NOW5100012650-810803495L04</Ustrd>
            </RmtInf>
          </TxDtls>
        </NtryDtls>
      </Ntry>
      <Ntry>
        <Amt Ccy="EUR">40.85</Amt>
        <CdtDbtInd>CRDT</CdtDbtInd>
        <Sts>BOOK</Sts>
        <BookgDt>2025-08-30</BookgDt>
        <ValDt>2025-08-30</ValDt>
        <NtryDtls>
          <TxDtls>
            <Refs>
              <EndToEndId>000000000000092070</EndToEndId>
            </Refs>
            <RltdPties>
              <Cdtr>
                <Nm>CSV IMPORT</Nm>
              </Cdtr>
            </RltdPties>
            <RmtInf>
              <Ustrd>Rabo Smart Pay omzet bijschrijving Transacties van: 2025-08-29 Verkpnt_00203158 20250830_1</Ustrd>
            </RmtInf>
          </TxDtls>
        </NtryDtls>
      </Ntry>
      <Bal>
        <Tp>CLBD</Tp>
        <Amt Ccy="EUR">-214084.38</Amt>
        <CdtDbtInd>DBIT</CdtDbtInd>
        <Dt>2025-08-30</Dt>
      </Bal>
    </Stmt>
  </BkToCstmrStmt>
</Document>