:20:STMT20250829001
:25:NL31RABO0300087233
:28C:001/001
:60M:D250829EUR126022,85
:61:250829C8510,00NTRF0000000000000919
:86:CSV IMPORT
:61:250829C1033862,37NTRF0000000000000920
:86:CSV IMPORT
:61:250829C1830,68NTRF0000000000000920
:86:CSV IMPORT RE-02600
:61:250829C5932,54NTRF0000000000000920
:86:CSV IMPORT 1125-664396
:61:250829C1530,37NTRF0000000000000920
:86:CSV IMPORT 432
:61:250829C1615,30NTRF0000000000000920
:86:CSV IMPORT RE-300866
:61:250829C484,59NTRF0000000000000920
:86:CSV IMPORT 2025/005
:61:250829C12922,41NTRF0000000000000920
:86:CSV IMPORT RE-301296
:61:250829C1540,06NTRF0000000000000920
:86:CSV IMPORT
:61:250829C1629969,10NTRF0000000000000920
:86:CSV IMPORT
:61:250829C9316,00NTRF0000000000000920
:86:CSV IMPORT 2505-333
:61:250829C148826,92NTRF0000000000000920
:86:CSV IMPORT
:61:250829C2079,22NTRF0000000000000920
:86:CSV IMPORT
:61:250829C246329,02NTRF0000000000000920
:86:CSV IMPORT
:61:250829C9,00NTRF0000000000000920
:86:CSV IMPORT
:61:250829C1652069,00NTRF0000000000000920
:86:CSV IMPORT
:61:250829C214,80NTRF0000000000000920
:86:CSV IMPORT
:61:250829C420,47NTRF0000000000000920
:86:CSV IMPORT
:61:250829C54,31NTRF0000000000000920
:86:CSV IMPORT
:61:250829C3676,81NTRF0000000000000920
:86:CSV IMPORT
:61:250829C1600,00NTRF0000000000000920
:86:CSV IMPORT ICO TRF. NL31RABO0300087233 NAAR NL30RABO0100929567
:61:250829C61,70NTRF0000000000000920
:86:CSV IMPORT Rabo Smart Pay omzet bijschrijving Transacties van 2025-08-28 Ver
:61:250829C610250,88NTRF0000000000000920
:86:CSV IMPORT Clearing P8 2025 Crednr. 50387
:61:250829C38788,95NTRF0000000000000920
:86:CSV IMPORT NO.mdRpFs8zxsv5f9tR/ID.354803
:61:250829C19658,92NTRF0000000000000920
:86:CSV IMPORT NO.unPRxlQTT2Se853t/ID.568593
:61:250829C32,67NTRF0000000000000920
:86:CSV IMPORT ABN000738
:61:250829C300000,00NTRF0000000000000920
:86:CSV IMPORT ICO TRF. VAN NL31RABO0300087233 TO NL48RABO0300002343
:61:250829C29851,99NTRF0000000000000920
:86:CSV IMPORT CPES082900001 SWEEPING RBCP/SWEEPNL06RABO0100902936 EURNL31RABO03
:61:250829C22611,08NTRF0000000000000920
:86:CSV IMPORT CPES082900002 SWEEPING RBCP/SWEEPNL37RABO0100902960 EURNL31RABO03
:61:250829C19386,50NTRF0000000000000920
:86:CSV IMPORT CPES082900003 SWEEPING RBCP/SWEEPNL84RABO0100902987 EURNL31RABO03
:61:250829C31694,73NTRF0000000000000920
:86:CSV IMPORT CPES082900004 SWEEPING RBCP/SWEEPNL51RABO0300002386 EURNL31RABO03
:61:250829C40471,81NTRF0000000000000920
:86:CSV IMPORT CPES082900005 SWEEPING RBCP/SWEEPNL29RABO0300002394 EURNL31RABO03
:61:250829C46208,84NTRF0000000000000920
:86:CSV IMPORT CPES082900006 SWEEPING RBCP/SWEEPNL39RABO0300002408 EURNL31RABO03
:61:250829C38897,92NTRF0000000000000920
:86:CSV IMPORT CPES082900007 SWEEPING RBCP/SWEEPNL92RABO0300002424 EURNL31RABO03
:61:250829C23541,72NTRF0000000000000920
:86:CSV IMPORT CPES082900008 SWEEPING RBCP/SWEEPNL70RABO0300002432 EURNL31RABO03
:61:250829C28484,86NTRF0000000000000920
:86:CSV IMPORT CPES082900010 CC100924530/300087233
:61:250829C86,29NTRF0000000000000920
:86:CSV IMPORT CPES082900016 CC100929567/300087233
:61:250829C35330,79NTRF0000000000000920
:86:CSV IMPORT CPES082900013 CC300031319/300087233
:61:250829C301,97NTRF0000000000000920
:86:CSV IMPORT CPES082900009 CC100924530/300087233
:61:250829C82890,82NTRF0000000000000920
:86:CSV IMPORT CPES082900011 CC300002343/300087233
:61:250829C143720,24NTRF0000000000000920
:86:CSV IMPORT CPES082900012 CC300002343/300087233
:61:250829C561,50NTRF0000000000000920
:86:CSV IMPORT CPES082900014 CC330208888/300087233
:61:250829C51207,33NTRF0000000000000920
:86:CSV IMPORT CPES082900015 CC330208888/300087233
:62M:D250829EUR126022,85
