:20:STMT20250901001
:25:NL31RABO0300087233
:28C:001/001
:60M:D250901EUR4311917,73
:61:250901C815,79NTRF0000000000000920
:86:CSV IMPORT Nr 882449
:61:250901C779,36NTRF0000000000000920
:86:CSV IMPORT Nr 882448
:61:250901C1516,55NTRF0000000000000920
:86:CSV IMPORT Nr 882450
:61:250901C4434,91NTRF0000000000000920
:86:CSV IMPORT Afrekenoverzicht Center Parcs Augustus 2025
:61:250901C60685,45NTRF0000000000000920
:86:CSV IMPORT CPES090100001 SWEEPING RBCP/SWEEPNL06RABO0100902936 EURNL31RABO03
:61:250901C9521,08NTRF0000000000000920
:86:CSV IMPORT CPES090100002 SWEEPING RBCP/SWEEPNL37RABO0100902960 EURNL31RABO03
:61:250901C2785,80NTRF0000000000000920
:86:CSV IMPORT CPES090100003 SWEEPING RBCP/SWEEPNL84RABO0100902987 EURNL31RABO03
:61:250901C24130,01NTRF0000000000000920
:86:CSV IMPORT CPES090100004 SWEEPING RBCP/SWEEPNL51RABO0300002386 EURNL31RABO03
:61:250901C30359,49NTRF0000000000000920
:86:CSV IMPORT CPES090100005 SWEEPING RBCP/SWEEPNL29RABO0300002394 EURNL31RABO03
:61:250901C35366,08NTRF0000000000000920
:86:CSV IMPORT CPES090100006 SWEEPING RBCP/SWEEPNL39RABO0300002408 EURNL31RABO03
:61:250901C45651,26NTRF0000000000000920
:86:CSV IMPORT CPES090100007 SWEEPING RBCP/SWEEPNL92RABO0300002424 EURNL31RABO03
:61:250901C67110,86NTRF0000000000000920
:86:CSV IMPORT CPES090100008 SWEEPING RBCP/SWEEPNL70RABO0300002432 EURNL31RABO03
:61:250901C90135,26NTRF0000000000000920
:86:CSV IMPORT CPES090100011 CC300002343/300087233
:61:250901C123347,08NTRF0000000000000920
:86:CSV IMPORT CPES090100010 CC100924530/300087233
:61:250901C73042,74NTRF0000000000000920
:86:CSV IMPORT CPES090100019 CC330208888/300087233
:61:250901C696,00NTRF0000000000000920
:86:CSV IMPORT CPES090100016 CC330208888/300087233
:61:250901C3353335,47NTRF0000000000000920
:86:CSV IMPORT CPES090100014 CC300002343/300087233
:61:250901C142148,62NTRF0000000000000920
:86:CSV IMPORT CPES090100012 CC300002343/300087233
:61:250901C228328,68NTRF0000000000000920
:86:CSV IMPORT CPES090100013 CC300002343/300087233
:61:250901C9816,99NTRF0000000000000920
:86:CSV IMPORT CPES090100015 CC300031319/300087233
:61:250901C1362,00NTRF0000000000000920
:86:CSV IMPORT CPES090100018 CC330208888/300087233
:61:250901C672,38NTRF0000000000000920
:86:CSV IMPORT CPES090100009 CC100924530/300087233
:61:250901C2166,50NTRF0000000000000920
:86:CSV IMPORT CPES090100017 CC330208888/300087233
:61:250901C25,00NTRF0000000000000920
:86:CSV IMPORT Kosten                             Periode 01-08-2025 t/m 31-08-2
:61:250901C5275,43NTRF0000000000000920
:86:CSV IMPORT Kosten                             Periode 01-08-2025 t/m 31-08-2
:62M:D250901EUR4311917,73
