:20:STMT20250830001
:25:NL31RABO0300087233
:28C:001/001
:60M:D250830EUR214084,38
:61:250830C2837,66NTRF0000000000000920
:86:CSV IMPORT NOW5100012653-810803495L09
:61:250830C2576,90NTRF0000000000000920
:86:CSV IMPORT NOW5100012814-810803495L05
:61:250830C3961,05NTRF0000000000000920
:86:CSV IMPORT NOW3300023228-810803495L09
:61:250830C3809,50NTRF0000000000000920
:86:CSV IMPORT NOW3300023221-810803495L01
:61:250830C2732,60NTRF0000000000000920
:86:CSV IMPORT NOW5100012645-809073766L01
:61:250830C1358,33NTRF0000000000000920
:86:CSV IMPORT NOW5100012652-810803495L07
:61:250830C2138,60NTRF0000000000000920
:86:CSV IMPORT NOW5100012651-810803495L06
:61:250830C3911,10NTRF0000000000000920
:86:CSV IMPORT NOW3300023224-810803495L04
:61:250830C2549,50NTRF0000000000000920
:86:CSV IMPORT NOW5100012648-810803495L02
:61:250830C3452,85NTRF0000000000000920
:86:CSV IMPORT NOW3300023222-810803495L02
:61:250830C8727,45NTRF0000000000000920
:86:CSV IMPORT NOW6100009182-809073766L01
:61:250830C3694,45NTRF0000000000000920
:86:CSV IMPORT NOW3300023243-850605763L01
:61:250830C3745,80NTRF0000000000000920
:86:CSV IMPORT NOW6100009184-810803495L01
:61:250830C3120,55NTRF0000000000000920
:86:CSV IMPORT NOW6100009189-810803495L06
:61:250830C1816,60NTRF0000000000000920
:86:CSV IMPORT NOW3300023227-810803495L07
:61:250830C2494,60NTRF0000000000000920
:86:CSV IMPORT NOW5100012649-810803495L03
:61:250830C3444,90NTRF0000000000000920
:86:CSV IMPORT NOW6100009188-810803495L05
:61:250830C2828,50NTRF0000000000000920
:86:CSV IMPORT NOW3300023226-810803495L06
:61:250830C3481,45NTRF0000000000000920
:86:CSV IMPORT NOW3300023225-810803495L05
:61:250830C3475,90NTRF0000000000000920
:86:CSV IMPORT NOW6100009185-810803495L02
:61:250830C3368,25NTRF0000000000000920
:86:CSV IMPORT NOW3300023223-810803495L03
:61:250830C3226,50NTRF0000000000000920
:86:CSV IMPORT NOW6100009186-810803495L03
:61:250830C2611,60NTRF0000000000000920
:86:CSV IMPORT NOW5100012647-810803495L01
:61:250830C4672,30NTRF0000000000000920
:86:CSV IMPORT NOW3300023218-809073766L01
:61:250830C3932,50NTRF0000000000000920
:86:CSV IMPORT NOW6100009187-810803495L04
:61:250830C1824,60NTRF0000000000000920
:86:CSV IMPORT NOW6100009190-810803495L07
:61:250830C4146,10NTRF0000000000000920
:86:CSV IMPORT NOW6100009191-810803495L09
:61:250830C2715,36NTRF0000000000000920
:86:CSV IMPORT NOW5100012650-810803495L04
:61:250830C40,85NTRF0000000000000920
:86:CSV IMPORT Rabo Smart Pay omzet bijschrijving Transacties van 2025-08-29 Ver
:62M:D250830EUR214084,38
