:20:STMT20250829001
:25:NL08RABO0100929575
:28C:001/001
:60M:C250829EUR33063,89
:61:250829C8045,33NTRF0000000000000054
:86:CSV IMPORT
:61:250829C3155,00NTRF0000000000000054
:86:CSV IMPORT
:61:250829C12,10NTRF0000000000000054
:86:CSV IMPORT 250513961
:61:250829C1210,00NTRF0000000000000054
:86:CSV IMPORT 557000660/1026883
:62M:C250829EUR33063,89
