:940:
:20:940S251106
:25:NL92RABO0300002424 EUR
:28C:25310
:60F:C251105EUR000000010000,00
:61:251106C000000000055,00N113ROM-C-20251105-0//OM1T003816613816
NL71RABO0350802769
:86:/EREF/7956750547300795/TRCD/113/ORDP//NAME/Rabobank Inzake Brink'
s DGV/REMI/Brinks Cash Solutions G62496 04-11-2025 821660937942
:61:251106C000000031865,00N113ROM-C-20251105-0//OM1T003816613648
NL71RABO0350802769
:86:/EREF/2370245280483674/TRCD/113/ORDP//NAME/Rabobank Inzake Brink'
s DGV/REMI/Brinks Cash Solutions G62496 04-11-2025 821893446069
:61:251106C000000003971,41N08500203163 2025110//NP8A000251555763
NL73RABO0350800502
:86:/EREF/20251106_1_2/TRCD/1085/ORDP//NAME/Rabobank Smart Pay/REMI/R
abo Smart Pay omzet bijschrijving Transacties van: 2025-11-05 Ver
kpnt_00203163 20251106_1
:61:251106C000000001185,17N541EREF//43241237412
BE39210096870619
:86:/EREF/202511030124438/TRCD/541/ORDP//NAME/WORLDLINE/REMI/R:6-8210
5956/452  AFG:MC VAN 03/11 TOT 03/11         BRT:0001191,50EUR C:
00006,33/PURP//CD/CCRD/ISDT/2025-11-06
:61:251106C000000000273,25N541EREF//43241261318
BE39210096870619
:86:/EREF/202511030124443/TRCD/541/ORDP//NAME/WORLDLINE/REMI/R:0-8210
5956/453  AFG:VI VAN 03/11 TOT 03/11         BRT:0000275,00EUR C:
00001,75/PURP//CD/CCRD/ISDT/2025-11-06
:61:251106C000000000004,50N541EREF//PEIP-20251106115
BE87377076567894
:86:/EREF/7ebc175a83f94e7a8a917023989c5ef8/TRCD/541/ORDP//NAME/MME MA
GGY DEWAULLE/REMI/Cottage 823/PURP//CD/OTHR/ISDT/2025-11-06
:61:251106C000000000223,85N541EREF//43242249092
BE39210096870619
:86:/EREF/202511050138119/TRCD/541/ORDP//NAME/WORLDLINE/REMI/R:4-9278
3622/528  AFG:VI VAN 05/11 TOT 05/11         BRT:0000225,00EUR C:
00001,15/PURP//CD/CCRD/ISDT/2025-11-06
:61:251106C000000004010,44N541EREF//43242582659
NL92ADYB2017400998
:86:/EREF/TX54860462300XT/TRCD/541/ORDP//NAME/Adyen N.V./REMI/TX54860
462300XT batch 891, CP-EH-ECOM/ISDT/2025-11-06
:61:251106C000000000029,65N541EREF//43242583550
NL92ADYB2017400998
:86:/EREF/TX54862982500XT/TRCD/541/ORDP//NAME/Adyen N.V./REMI/TX54862
982500XT batch 25, CP-EH-POS/ISDT/2025-11-06
:61:251106D000000041618,27N625OO9T005181872840//OO9T005181872840
NL31RABO0300087233
:86:/EREF/POYTCPE2025000003498/TRCD/625/BENM//NAME/Center Parcs Europ
e N.V./REMI/CPES110600007 SWEEPING RBCP/SWEEPNL92RABO0300002424 E
URNL31RABO0300087233 EUR
:62F:C251106EUR000000010000,00
:64:C251106EUR000000010000,00
:65:C251107EUR000000010000,00
:65:C251108EUR000000010000,00
:65:C251109EUR000000010000,00
:65:C251110EUR000000010000,00
