:940:
:20:940S251107
:25:NL92RABO0300002424 EUR
:28C:25311
:60F:C251106EUR000000010000,00
:61:251107C000000004995,94N08500203163 2025110//NP8A000251990908
NL73RABO0350800502
:86:/EREF/20251107_1_2/TRCD/1085/ORDP//NAME/Rabobank Smart Pay/REMI/R
abo Smart Pay omzet bijschrijving Transacties van: 2025-11-06 Ver
kpnt_00203163 20251107_1
:61:251107C000000003010,90N541EREF//43246443469
NL15CITI2032301393
:86:/EREF/2134161621/TRCD/541/ORDP//NAME/Booking.com B.V./REMI/NO.FZi
QKUMAD1Cn020T/ID.6974840/ISDT/2025-11-07
:61:251107C000000000073,59N541EREF//43246494664
BE39210096870619
:86:/EREF/202511040132957/TRCD/541/ORDP//NAME/WORLDLINE/REMI/R:0-8210
5956/455  AFG:VI VAN 04/11 TOT 04/11         BRT:0000073,99EUR C:
00000,40/PURP//CD/CCRD/ISDT/2025-11-07
:61:251107C000000000201,92N541EREF//43246634542
BE39210096870619
:86:/EREF/202511040132951/TRCD/541/ORDP//NAME/WORLDLINE/REMI/R:6-8210
5956/454  AFG:MC VAN 04/11 TOT 04/11         BRT:0000203,00EUR C:
00001,08/PURP//CD/CCRD/ISDT/2025-11-07
:61:251107C000000000036,65N541EREF//43246634506
BE39210096870619
:86:/EREF/202511040132016/TRCD/541/ORDP//NAME/WORLDLINE/REMI/R:8-8227
9684/623  AFG:MC VAN 04/11 TOT 04/11         BRT:0000036,95EUR C:
00000,30/PURP//CD/CCRD/ISDT/2025-11-07
:61:251107C000000000390,45N541EREF//43247293246
BE39210096870619
:86:/EREF/202511060140138/TRCD/541/ORDP//NAME/WORLDLINE/REMI/R:0-9278
3622/529  AFG:MC VAN 06/11 TOT 06/11         BRT:0000393,00EUR C:
00002,55/PURP//CD/CCRD/ISDT/2025-11-07
:61:251107C000000000006,67N541EREF//43247737220
NL92ADYB2017400998
:86:/EREF/TX54894941200XT/TRCD/541/ORDP//NAME/Adyen N.V./REMI/TX54894
941200XT batch 1, CP-EHCATERING-POS/ISDT/2025-11-07
:61:251107C000000005997,18N541EREF//43247761514
NL92ADYB2017400998
:86:/EREF/TX54897918200XT/TRCD/541/ORDP//NAME/Adyen N.V./REMI/TX54897
918200XT batch 892, CP-EH-ECOM/ISDT/2025-11-07
:61:251107C000000000091,56N541EREF//43247749088
NL92ADYB2017400998
:86:/EREF/TX54896130500XT/TRCD/541/ORDP//NAME/Adyen N.V./REMI/TX54896
130500XT batch 26, CP-EH-POS/ISDT/2025-11-07
:61:251107C000000000014,64N541EREF//43247779750
NL98DEUT0265294304
:86:/EREF/AMEXSCT95301309620533090412539T41/TRCD/541/ORDP//NAME/AMERI
CAN EXPRESS PAYMENTS EUROPE/REMI/AMEX/SE9530162189/DT284/GR15.00/
DI-0.36/EEMHOF BUNGALOW PARK DE/VALKENSWAARD/ISDT/2025-11-07
:61:251107C000000000154,32N541EREF//43247779875
NL98DEUT0265294304
:86:/EREF/AMEXSCT95301309620533090412439T41/TRCD/541/ORDP//NAME/AMERI
CAN EXPRESS PAYMENTS EUROPE/REMI/AMEX/SE9530162189/DT285/GR158.20
/DI-3.88/EEMHOF BUNGALOW PARK DE/VALKENSWAARD/ISDT/2025-11-07
:61:251107D000000014973,82N625OO9T005185395582//OO9T005185395582
NL31RABO0300087233
:86:/EREF/POYTCPE2025000003512/TRCD/625/BENM//NAME/Center Parcs Europ
e N.V./REMI/CPES110700007 SWEEPING RBCP/SWEEPNL92RABO0300002424 E
URNL31RABO0300087233 EUR
:62F:C251107EUR000000010000,00
:64:C251107EUR000000010000,00
:65:C251108EUR000000010000,00
:65:C251109EUR000000010000,00
:65:C251110EUR000000010000,00
:65:C251111EUR000000010000,00
