:940:
:20:940S251106
:25:NL31RABO0300087233 EUR
:28C:25310
:60F:C251105EUR000009158434,88
:61:251106C000000000020,15N08500203158 2025110//NP8A000251601469
NL73RABO0350800502
:86:/EREF/20251106_1_2/TRCD/1085/ORDP//NAME/Rabobank Smart Pay/REMI/R
abo Smart Pay omzet bijschrijving Transacties van: 2025-11-05 Ver
kpnt_00203158 20251106_1
:61:251106D000000000459,75N064MARF//43235193105
NL96INGB0009611671
:86:/MARF/101739-M002/EREF/101739C25551953.1246.6728165/TRCD/064/ORDP
//NAME/BeFrank PPI NV/REMI/101739/25551953 XX101739/25551953XX NO
TA 1 NOV 2025 101739-161 2900 EB Capelle aan den Ijssel/CSID/NL62
ZZZ504817700001
:61:251106D000000000068,64N064MARF//43235743896
NL96INGB0009611671
:86:/MARF/101737-M002/EREF/101737C25552445.1246.6729641/TRCD/064/ORDP
//NAME/BeFrank PPI NV/REMI/101737/25552445 XX101737/25552445XX NO
TA 1 NOV 2025 101737-161 2900 EB Capelle aan den Ijssel/CSID/NL62
ZZZ504817700001
:61:251106D000000003456,74N064MARF//43235160468
NL96INGB0009611671
:86:/MARF/101741-M002/EREF/101741C25552640.1246.6730226/TRCD/064/ORDP
//NAME/BeFrank PPI NV/REMI/101741/25552640 XX101741/25552640XX NO
TA 1 NOV 2025 101741-161 2900 EB Capelle aan den Ijssel/CSID/NL62
ZZZ504817700001
:61:251106D000000000509,71N064MARF//43235180044
NL96INGB0009611671
:86:/MARF/101743-M002/EREF/101743C25553153.1246.6731765/TRCD/064/ORDP
//NAME/BeFrank PPI NV/REMI/101743/25553153 XX101743/25553153XX NO
TA 1 NOV 2025 101743-161 2900 EB Capelle aan den Ijssel/CSID/NL62
ZZZ504817700001
:61:251106C000000000001,14N541EREF//43241372082
NL96INGB0009611671
:86:/EREF/101417R25552781.1248.6730649/TRCD/541/ORDP//NAME/BeFrank PP
I NV/ID/724500KHBM10MIBGJN47/REMI/101417 25552781 XX101417/255527
81XX NOTA 1 NOV 2025 101417-145 2900 EB Capelle aan den Ijssel/IS
DT/2025-11-06
:61:251106C000000000008,15N541EREF//43241438960
NL96INGB0009611671
:86:/EREF/101745R25553468.1248.6732710/TRCD/541/ORDP//NAME/BeFrank PP
I NV/ID/724500KHBM10MIBGJN47/REMI/101745 25553468 XX101745/255534
68XX NOTA 1 NOV 2025 101745-161 2900 EB Capelle aan den Ijssel/IS
DT/2025-11-06
:61:251106C000000000061,62N541EREF//43241438991
NL96INGB0009611671
:86:/EREF/101740R25552740.1248.6730526/TRCD/541/ORDP//NAME/BeFrank PP
I NV/ID/724500KHBM10MIBGJN47/REMI/101740 25552740 XX101740/255527
40XX NOTA 1 NOV 2025 101740-161 2900 EB Capelle aan den Ijssel/IS
DT/2025-11-06
:61:251106C000000000001,20N541EREF//43241513010
NL96INGB0009611671
:86:/EREF/101414R25552236.1248.6729014/TRCD/541/ORDP//NAME/BeFrank PP
I NV/ID/724500KHBM10MIBGJN47/REMI/101414 25552236 XX101414/255522
36XX NOTA 1 NOV 2025 101414-189 2900 EB Capelle aan den Ijssel/IS
DT/2025-11-06
:61:251106C000000000006,38N541EREF//43241337025
NL96INGB0009611671
:86:/EREF/101418R25552652.1248.6730262/TRCD/541/ORDP//NAME/BeFrank PP
I NV/ID/724500KHBM10MIBGJN47/REMI/101418 25552652 XX101418/255526
52XX NOTA 1 NOV 2025 101418-189 2900 EB Capelle aan den Ijssel/IS
DT/2025-11-06
:61:251106C000000000006,29N541EREF//43241424052
NL96INGB0009611671
:86:/EREF/101744R25553888.1248.6733970/TRCD/541/ORDP//NAME/BeFrank PP
I NV/ID/724500KHBM10MIBGJN47/REMI/101744 25553888 XX101744/255538
88XX NOTA 1 NOV 2025 101744-161 2900 EB Capelle aan den Ijssel/IS
DT/2025-11-06
:61:251106C000000000001,67N541EREF//43241468001
NL96INGB0009611671
:86:/EREF/101416R25553071.1248.6731519/TRCD/541/ORDP//NAME/BeFrank PP
I NV/ID/724500KHBM10MIBGJN47/REMI/101416 25553071 XX101416/255530
71XX NOTA 1 NOV 2025 101416-189 2900 EB Capelle aan den Ijssel/IS
DT/2025-11-06
:61:251106C000000000004,88N541EREF//43241354243
NL96INGB0009611671
:86:/EREF/101421R25552530.1248.6729896/TRCD/541/ORDP//NAME/BeFrank PP
I NV/ID/724500KHBM10MIBGJN47/REMI/101421 25552530 XX101421/255525
30XX NOTA 1 NOV 2025 101421-189 2900 EB Capelle aan den Ijssel/IS
DT/2025-11-06
:61:251106C000000000001,44N541EREF//43241357206
NL96INGB0009611671
:86:/EREF/101415R25552843.1248.6730835/TRCD/541/ORDP//NAME/BeFrank PP
I NV/ID/724500KHBM10MIBGJN47/REMI/101415 25552843 XX101415/255528
43XX NOTA 1 NOV 2025 101415-189 2900 EB Capelle aan den Ijssel/IS
DT/2025-11-06
:61:251106C000000000002,93N541EREF//43241357218
NL96INGB0009611671
:86:/EREF/101413R25552007.1248.6728327/TRCD/541/ORDP//NAME/BeFrank PP
I NV/ID/724500KHBM10MIBGJN47/REMI/101413 25552007 XX101413/255520
07XX NOTA 1 NOV 2025 101413-189 2900 EB Capelle aan den Ijssel/IS
DT/2025-11-06
:61:251106C000000000010,21N541EREF//43241357666
NL96INGB0009611671
:86:/EREF/101412R25552295.1248.6729191/TRCD/541/ORDP//NAME/BeFrank PP
I NV/ID/724500KHBM10MIBGJN47/REMI/101412 25552295 XX101412/255522
95XX NOTA 1 NOV 2025 101412-189 5550AG Valkenswaard/ISDT/2025-11-
06
:61:251106C000000000001,82N541EREF//43241485385
NL96INGB0009611671
:86:/EREF/101419R25551986.1248.6728264/TRCD/541/ORDP//NAME/BeFrank PP
I NV/ID/724500KHBM10MIBGJN47/REMI/101419 25551986 XX101419/255519
86XX NOTA 1 NOV 2025 101419-187 2900 EB Capelle aan den Ijssel/IS
DT/2025-11-06
:61:251106C000000000001,50N541EREF//43241485384
NL96INGB0009611671
:86:/EREF/101420R25553909.1248.6734033/TRCD/541/ORDP//NAME/BeFrank PP
I NV/ID/724500KHBM10MIBGJN47/REMI/101420 25553909 XX101420/255539
09XX NOTA 1 NOV 2025 101420-189 2900 EB Capelle aan den Ijssel/IS
DT/2025-11-06
:61:251106D000001500000,00N544EREF//OO9T005180594672
DE98370700600188075600
:86:/EREF/OO9B005180594672/PREF/OO9B005180594672/TRCD/544/BENM//NAME/
Center Parcs Europe B.V./REMI/Ico trf. van NL31RABO0300087233 naa
r DE98370700600188075600/ISDT/2025-11-06
:61:251106D000004000000,00N544EREF//OO9T005180594673
FR7631489000100022009862647
:86:/EREF/OO9B005180594673/PREF/OO9B005180594673/TRCD/544/BENM//NAME/
PIERRE ET VACANCES FI/REMI/CASH CENTRALIZATION 06-NOVEMBER-2025/I
SDT/2025-11-06
:61:251106C000000004350,99N626OO9T005181872825//OO9T005181872825
NL06RABO0100902936
:86:/EREF/POYTCPE2025000003492/TRCD/626/ORDP//NAME/Center Parcs Nethe
rlands B.V. Port Zelande/REMI/CPES110600001 SWEEPING RBCP/SWEEPNL
06RABO0100902936 EURNL31RABO0300087233 EUR
:61:251106C000000001264,59N626OO9T005181872827//OO9T005181872827
NL37RABO0100902960
:86:/EREF/POYTCPE2025000003493/TRCD/626/ORDP//NAME/Center Parcs Nethe
rlands B.V. Limburgse Peel/REMI/CPES110600002 SWEEPING RBCP/SWEEP
NL37RABO0100902960 EURNL31RABO0300087233 EUR
:61:251106C000000005008,57N626OO9T005181872830//OO9T005181872830
NL84RABO0100902987
:86:/EREF/POYTCPE2025000003494/TRCD/626/ORDP//NAME/Center Parcs Nethe
rlands B.V. Park Zandvoort/REMI/CPES110600003 SWEEPING RBCP/SWEEP
NL84RABO0100902987 EURNL31RABO0300087233 EUR
:61:251106C000000005362,28N626OO9T005181872832//OO9T005181872832
NL51RABO0300002386
:86:/EREF/POYTCPE2025000003495/TRCD/626/ORDP//NAME/Center Parcs Nethe
rlands B.V. Het Meerdal/REMI/CPES110600004 SWEEPING RBCP/SWEEPNL5
1RABO0300002386 EURNL31RABO0300087233 EUR
:61:251106C000000005427,50N626OO9T005181872834//OO9T005181872834
NL29RABO0300002394
:86:/EREF/POYTCPE2025000003496/TRCD/626/ORDP//NAME/Center Parcs Nethe
rlands B.V. De Huttenheugte/REMI/CPES110600005 SWEEPING RBCP/SWEE
PNL29RABO0300002394 EURNL31RABO0300087233 EUR
:61:251106C000000007371,00N626OO9T005181872836//OO9T005181872836
NL39RABO0300002408
:86:/EREF/POYTCPE2025000003497/TRCD/626/ORDP//NAME/Center Parcs Nethe
rlands B.V. De Kempervennen/REMI/CPES110600006 SWEEPING RBCP/SWEE
PNL39RABO0300002408 EURNL31RABO0300087233 EUR
:61:251106C000000041618,27N626OO9T005181872840//OO9T005181872840
NL92RABO0300002424
:86:/EREF/POYTCPE2025000003498/TRCD/626/ORDP//NAME/Center Parcs Nethe
rlands B.V. De Eemhof/REMI/CPES110600007 SWEEPING RBCP/SWEEPNL92R
ABO0300002424 EURNL31RABO0300087233 EUR
:61:251106C000000011899,20N626OO9T005181872842//OO9T005181872842
NL70RABO0300002432
:86:/EREF/POYTCPE2025000003499/TRCD/626/ORDP//NAME/Center Parcs Nethe
rlands B.V. Het Heijderbos/REMI/CPES110600008 SWEEPING RBCP/SWEEP
NL70RABO0300002432 EURNL31RABO0300087233 EUR
:61:251105C000000000401,00N626NONREF//NP8A000251808554
NL12RABO0330208888
:86:/EREF/POYTCPE2025000003502/TRCD/626/ORDP//NAME/Center Parcs Europ
e N.V./REMI/CPES110600013 CC330208888/300087233
:61:251106C000000690121,48N626NONREF//NP8A000251808556
NL48RABO0300002343
:86:/EREF/POYTCPE2025000003503/TRCD/626/ORDP//NAME/Center Parcs Europ
e N.V./REMI/CPES110600011 CC300002343/300087233
:61:251106C000000008358,80N626NONREF//NP8A000251808562
NL98RABO0300031319
:86:/EREF/POYTCPE2025000003504/TRCD/626/ORDP//NAME/Center Parcs Europ
e N.V./REMI/CPES110600012 CC300031319/300087233
:61:251106C000000001269,30N626NONREF//NP8A000251808548
NL35RABO0100924530
:86:/EREF/POYTCPE2025000003500/TRCD/626/ORDP//NAME/Center Parcs Nethe
rlands N.V./REMI/CPES110600009 CC100924530/300087233
:61:251106C000000019440,69N626NONREF//NP8A000251808558
NL12RABO0330208888
:86:/EREF/POYTCPE2025000003505/TRCD/626/ORDP//NAME/Center Parcs Europ
e N.V./REMI/CPES110600014 CC330208888/300087233
:61:251105C000000067869,59N626NONREF//NP8A000251808560
NL48RABO0300002343
:86:/EREF/POYTCPE2025000003501/TRCD/626/ORDP//NAME/Center Parcs Europ
e N.V./REMI/CPES110600010 CC300002343/300087233
:62F:C251106EUR000004523832,68
:64:C251106EUR000004523832,68
:65:C251107EUR000004523832,68
:65:C251108EUR000004523832,68
:65:C251109EUR000004523832,68
:65:C251110EUR000004523832,68
