:940:
:20:940S251112
:25:NL31RABO0300087233 EUR
:28C:25316
:60F:C251111EUR000011094170,89
:61:251112C000000000067,80N08500203158 2025111//NP8A000253186206
NL73RABO0350800502
:86:/EREF/20251112_1_3/TRCD/1085/ORDP//NAME/Rabobank Smart Pay/REMI/R
abo Smart Pay omzet bijschrijving Transacties van: 2025-11-11 Ver
kpnt_00203158 20251112_1
:61:251112C000000011687,02N541EREF//43265880664
NL64INGB0007060565
:86:/EREF/K2BBSG000000040716816/TRCD/541/ORDP//NAME/BSGR-Belastingsam
enwerking Gouwe Rijnland/ID/27377546/REMI/VORDERING 1242182723 Vo
orlopi RESTITUTIENR 200903040/ISDT/2025-11-12
:61:251112C000000006871,71N626OO9T005200795684//OO9T005200795684
NL06RABO0100902936
:86:/EREF/POYTCPE2025000003553/TRCD/626/ORDP//NAME/Center Parcs Nethe
rlands B.V. Port Zelande/REMI/CPES111200001 SWEEPING RBCP/SWEEPNL
06RABO0100902936 EURNL31RABO0300087233 EUR
:61:251112C000000002946,96N626OO9T005200795685//OO9T005200795685
NL37RABO0100902960
:86:/EREF/POYTCPE2025000003554/TRCD/626/ORDP//NAME/Center Parcs Nethe
rlands B.V. Limburgse Peel/REMI/CPES111200002 SWEEPING RBCP/SWEEP
NL37RABO0100902960 EURNL31RABO0300087233 EUR
:61:251112C000000034549,25N626OO9T005200795686//OO9T005200795686
NL84RABO0100902987
:86:/EREF/POYTCPE2025000003555/TRCD/626/ORDP//NAME/Center Parcs Nethe
rlands B.V. Park Zandvoort/REMI/CPES111200003 SWEEPING RBCP/SWEEP
NL84RABO0100902987 EURNL31RABO0300087233 EUR
:61:251112C000000006906,55N626OO9T005200795688//OO9T005200795688
NL51RABO0300002386
:86:/EREF/POYTCPE2025000003556/TRCD/626/ORDP//NAME/Center Parcs Nethe
rlands B.V. Het Meerdal/REMI/CPES111200004 SWEEPING RBCP/SWEEPNL5
1RABO0300002386 EURNL31RABO0300087233 EUR
:61:251112C000000008739,39N626OO9T005200795689//OO9T005200795689
NL29RABO0300002394
:86:/EREF/POYTCPE2025000003557/TRCD/626/ORDP//NAME/Center Parcs Nethe
rlands B.V. De Huttenheugte/REMI/CPES111200005 SWEEPING RBCP/SWEE
PNL29RABO0300002394 EURNL31RABO0300087233 EUR
:61:251112C000000015067,85N626OO9T005200795692//OO9T005200795692
NL39RABO0300002408
:86:/EREF/POYTCPE2025000003558/TRCD/626/ORDP//NAME/Center Parcs Nethe
rlands B.V. De Kempervennen/REMI/CPES111200006 SWEEPING RBCP/SWEE
PNL39RABO0300002408 EURNL31RABO0300087233 EUR
:61:251112C000000019795,17N626OO9T005200795693//OO9T005200795693
NL92RABO0300002424
:86:/EREF/POYTCPE2025000003559/TRCD/626/ORDP//NAME/Center Parcs Nethe
rlands B.V. De Eemhof/REMI/CPES111200007 SWEEPING RBCP/SWEEPNL92R
ABO0300002424 EURNL31RABO0300087233 EUR
:61:251112C000000014220,89N626OO9T005200795695//OO9T005200795695
NL70RABO0300002432
:86:/EREF/POYTCPE2025000003560/TRCD/626/ORDP//NAME/Center Parcs Nethe
rlands B.V. Het Heijderbos/REMI/CPES111200008 SWEEPING RBCP/SWEEP
NL70RABO0300002432 EURNL31RABO0300087233 EUR
:61:251112C000000144886,73N626NONREF//NP8A000253382607
NL98RABO0300031319
:86:/EREF/POYTCPE2025000003566/TRCD/626/ORDP//NAME/Center Parcs Europ
e N.V./REMI/CPES111200013 CC300031319/300087233
:61:251111C000000000532,00N626NONREF//NP8A000253382601
NL12RABO0330208888
:86:/EREF/POYTCPE2025000003564/TRCD/626/ORDP//NAME/Center Parcs Europ
e N.V./REMI/CPES111200014 CC330208888/300087233
:61:251112C000000044677,79N626NONREF//NP8A000253382599
NL12RABO0330208888
:86:/EREF/POYTCPE2025000003567/TRCD/626/ORDP//NAME/Center Parcs Europ
e N.V./REMI/CPES111200015 CC330208888/300087233
:61:251112C000000653399,17N626NONREF//NP8A000253382603
NL48RABO0300002343
:86:/EREF/POYTCPE2025000003565/TRCD/626/ORDP//NAME/Center Parcs Europ
e N.V./REMI/CPES111200012 CC300002343/300087233
:61:251112C000000010415,05N626NONREF//NP8A000253382611
NL35RABO0100924530
:86:/EREF/POYTCPE2025000003561/TRCD/626/ORDP//NAME/Center Parcs Nethe
rlands N.V./REMI/CPES111200009 CC100924530/300087233
:61:251111C000000078211,47N626NONREF//NP8A000253382605
NL48RABO0300002343
:86:/EREF/POYTCPE2025000003563/TRCD/626/ORDP//NAME/Center Parcs Europ
e N.V./REMI/CPES111200011 CC300002343/300087233
:61:251112C000000001686,15N626NONREF//NP8A000253382579
NL59RABO0144437813
:86:/EREF/POYTCPE2025000003562/TRCD/626/ORDP//NAME/Sunparks B.V./REMI
/CPES111200010 CC144437813/300087233
:62F:C251112EUR000012148831,84
:64:C251112EUR000012148831,84
:65:C251113EUR000012148831,84
:65:C251114EUR000012148831,84
:65:C251115EUR000012148831,84
:65:C251116EUR000012148831,84
:20:940S251112
:25:NL48RABO0300002343 EUR
:28C:25316
:60F:C251111EUR000000078211,47
:61:251112C000000000768,14N100EREF//OO9T005198834668
NL67RABO0115523812
:86:/EREF/12-11-2025 00:04 7020806006367639/TRCD/100/ORDP//NAME/S. Da
sselaar/REMI/9069332255 7020806006367639 VM xui-99076001/PURP//CD
/EPAY/ISDT/2025-11-12
:61:251112C000000002087,25N541NONREF//PEIP-20251112127
NL93ABNA0454987765
:86:/TRCD/541/ORDP//NAME/PM VAN VLIET/REMI/reserveringsnummer 7062489
/ISDT/2025-11-12
:61:251112C000000000061,25N100EREF//OO9T005198842948
NL70RABO0318672022
:86:/EREF/12-11-2025 00:19 7020065097279619/TRCD/100/ORDP//NAME/D. Mu
lder/REMI/9069347408 7020065097279619 HB xui-14789947/PURP//CD/EP
AY/ISDT/2025-11-12
:61:251112C000000000243,20N541NONREF//PEIP-20251112127
NL88KNAB0407790977
:86:/TRCD/541/ORDP//NAME/B. B. Smit/REMI/Reserveringsnummer 3674855/I
SDT/2025-11-12
:61:251112C000000000008,95N100EREF//OO9T005199011872
NL36RABO0148414451
:86:/EREF/12-11-2025 05:40 7020344791126019/TRCD/100/ORDP//NAME/J. Ni
jboer/REMI/9069533770 7020344791126019 EP xui-99800612/PURP//CD/E
PAY/ISDT/2025-11-12
:61:251112C000000000897,60N100EREF//OO9T005199012771
NL61RABO0167791982
:86:/EREF/12-11-2025 05:45 7020704485124432/TRCD/100/ORDP//NAME/I.T. 
van den Hout-Schaap eo M.F.C.M. van den Hout/REMI/9069533580 7020
704485124432 VN xui-65268722/PURP//CD/EPAY/ISDT/2025-11-12
:61:251112C000000006022,35N541NONREF//PEIP-20251112127
NL45ABNA0441591183
:86:/TRCD/541/ORDP//NAME/A SCHMITZ BALJEU/REMI/res.nr.v6513139/ISDT/2
025-11-12
:61:251112C000000000020,00N100EREF//OO9T005199063821
NL04RABO0112335780
:86:/EREF/12-11-2025 07:16 7020826600124243/TRCD/100/ORDP//NAME/B. Ro
berscheuten/REMI/9069601964 7020826600124243 VM xui-95931693/PURP
//CD/EPAY/ISDT/2025-11-12
:61:251112C000000000732,00N100EREF//OO9T005199063817
NL89RABO0199184267
:86:/EREF/12-11-2025 07:16 7020456906215365/TRCD/100/ORDP//NAME/A.J.H
.M. Dekkers eo M. Hoogervorst/REMI/9069601968 7020456906215365 TH
 xui-62213558/PURP//CD/EPAY/ISDT/2025-11-12
:61:251112C000000000004,95N100EREF//OO9T005199106958
NL13RABO0305096540
:86:/EREF/12-11-2025 07:51 7020164209275344/TRCD/100/ORDP//NAME/K. Go
edhart/REMI/9069645395 7020164209275344 HH xui-18937343/PURP//CD/
EPAY/ISDT/2025-11-12
:61:251112C000000001062,70N100EREF//OO9T005199113378
NL16RABO0352398051
:86:/EREF/12-11-2025 07:55 7020144188335011/TRCD/100/ORDP//NAME/N. de
 Jong-Scheel/REMI/9069651702 7020144188335011 HH xui-11654705/PUR
P//CD/EPAY/ISDT/2025-11-12
:61:251112C000000000915,48N100EREF//43263925837
NL49ABNA0542353547
:86:/EREF/11-11-2025 19:50 7020826891217174/TRCD/100/ORDP//NAME/GJ VO
LLERING CJ/REMI/9068936471 7020826891217174 KV/PURP//CD/EPAY/ISDT
/2025-11-12
:61:251112C000000000413,00N100EREF//43263920104
NL61ABNA0861689941
:86:/EREF/11-11-2025 18:11 7020486903157624/TRCD/100/ORDP//NAME/MOLEN
AAR E CJ/REMI/9068736150 7020486903157624 HH/PURP//CD/EPAY/ISDT/2
025-11-12
:61:251112C000000002771,60N100EREF//43263928617
NL24ABNA0120777738
:86:/EREF/11-11-2025 20:06 7020445703339850/TRCD/100/ORDP//NAME/T S F
ABER CJ/REMI/9068963797 7020445703339850 KV/PURP//CD/EPAY/ISDT/20
25-11-12
:61:251112C000000000441,68N100EREF//43263927980
NL67ABNA0627775594
:86:/EREF/11-11-2025 20:54 7020296591188893/TRCD/100/ORDP//NAME/DANIE
L LEIJEN CJ/REMI/9069051071 7020296591188893 EH/PURP//CD/EPAY/ISD
T/2025-11-12
:61:251112C000000000143,50N100EREF//43263928104
NL67SNSB8839016864
:86:/EREF/2025-11-11T20:08 7020294800277957/TRCD/100/ORDP//NAME/D.W.C
. Boss e/o B. Houtappels/REMI/9068969496 7020294800277957 HB/PURP
//CD/EPAY/ISDT/2025-11-12
:61:251112C000000000459,80N100EREF//43263924411
NL65ABNA0869354809
:86:/EREF/11-11-2025 20:28 7020984788188320/TRCD/100/ORDP//NAME/IE VE
RSTEEG CJ/REMI/9069006338 7020984788188320 MD/PURP//CD/EPAY/ISDT/
2025-11-12
:61:251112C000000001074,60N100EREF//43263924714
NL54ABNA0525325786
:86:/EREF/11-11-2025 19:55 7020865400338137/TRCD/100/ORDP//NAME/GJ VA
N DIJK/REMI/9068942368 7020865400338137 SR/PURP//CD/EPAY/ISDT/202
5-11-12
:61:251112C000000001391,38N100EREF//43263931335
NL84SNSB0946244898
:86:/EREF/2025-11-11T13:42 7020805091397201/TRCD/100/ORDP//NAME/R. Fi
en e/o M. Neuteboom/REMI/9068224078 7020805091397201 EH/PURP//CD/
EPAY/ISDT/2025-11-12
:61:251112C000000000012,60N100EREF//43263934630
NL93ABNA0450840530
:86:/EREF/11-11-2025 15:44 7020735709129169/TRCD/100/ORDP//NAME/C P S
LOBBE JR CJ/REMI/9068453665 7020735709129169 KM/PURP//CD/EPAY/ISD
T/2025-11-12
:61:251112C000000000694,26N100EREF//43263857043
NL52ABNA0435817132
:86:/EREF/11-11-2025 18:05 7020855697127738/TRCD/100/ORDP//NAME/E VLE
GELS CJ/REMI/9068723468 7020855697127738 HB/PURP//CD/EPAY/ISDT/20
25-11-12
:61:251112C000000000296,16N100EREF//43263859427
NL14SNSB0963395564
:86:/EREF/2025-11-11T19:45 7020374206249748/TRCD/100/ORDP//NAME/E.L.J
. Seising e/o A.H. Seising-Slakhorst/REMI/9068925205 702037420624
9748 KM/PURP//CD/EPAY/ISDT/2025-11-12
:61:251112C000000001037,20N100EREF//43263935661
NL07ABNA0436736047
:86:/EREF/11-11-2025 19:52 7020024506127921/TRCD/100/ORDP//NAME/SUZAN
 NICOLASEN/REMI/9068937623 7020024506127921 BK/PURP//CD/EPAY/ISDT
/2025-11-12
:61:251112C000000000335,12N100EREF//43263855222
NL20ABNA0595204325
:86:/EREF/11-11-2025 18:56 7020196906339382/TRCD/100/ORDP//NAME/FC VA
N SANTEN CJ/REMI/9068824952 7020196906339382 KM/PURP//CD/EPAY/ISD
T/2025-11-12
:61:251112C000000000302,80N100EREF//43263853786
NL09ASNB8830621137
:86:/EREF/2025-11-11T20:28 7020104794219103/TRCD/100/ORDP//NAME/M.T. 
Pronk/REMI/9069005392 7020104794219103 HH/PURP//CD/EPAY/ISDT/2025
 11-12
:61:251112C000000000150,00N100EREF//43263859015
NL13SNSB0872468267
:86:/EREF/2025-11-11T19:43 7020015994368101/TRCD/100/ORDP//NAME/M.T.J
. van Trier e/o M.M.J.E. de Groote/REMI/9068922217 70200159943681
01 EP/PURP//CD/EPAY/ISDT/2025-11-12
:61:251112C000000000568,20N100EREF//43263858648
NL02ABNA0843582170
:86:/EREF/11-11-2025 15:32 7020336585217864/TRCD/100/ORDP//NAME/SCHOU
TEN A/REMI/9068430622 7020336585217864 MD/PURP//CD/EPAY/ISDT/2025
 11-12
:61:251112C000000000621,10N100EREF//43263846610
NL49ABNA0139088172
:86:/EREF/11-11-2025 18:24 7020536003399925/TRCD/100/ORDP//NAME/T CRE
MERS CJ/REMI/9068762785 7020536003399925 KV/PURP//CD/EPAY/ISDT/20
25-11-12
:61:251112C000000000975,20N100EREF//OO9T005199142453
NL19RABO0315215666
:86:/EREF/12-11-2025 08:12 7020405403155887/TRCD/100/ORDP//NAME/M.N. 
van Ruitenburg eo A.M. van Ruitenburg-Berman/REMI/9069679995 7020
405403155887 HH xui-30653909/PURP//CD/EPAY/ISDT/2025-11-12
:61:251112C000000000503,16N100EREF//OO9T005199145788
NL71RABO0143318993
:86:/EREF/12-11-2025 08:14 7020136888366067/TRCD/100/ORDP//NAME/W. Ap
eldoorn/REMI/9069683828 7020136888366067 EH xui-24985640/PURP//CD
/EPAY/ISDT/2025-11-12
:61:251112C000000000301,40N100EREF//43264262193
NL80ASNB0708965059
:86:/EREF/2025-11-11T17:32 7020135706249727/TRCD/100/ORDP//NAME/J. va
n de Laarschot e/o A.E.M. Koenraadt/REMI/9068658348 7020135706249
727 LH/PURP//CD/EPAY/ISDT/2025-11-12
:61:251112C000000000076,50N100EREF//43264261907
NL94RBRB0982021976
:86:/EREF/2025-11-11T12:55 7020134497368032/TRCD/100/ORDP//NAME/P.A.T
. Kleintjens e/o K.C.J. Fransen/REMI/9068131309 7020134497368032 
HB/PURP//CD/EPAY/ISDT/2025-11-12
:61:251112C000000000495,90N100EREF//43264260162
NL91ABNA0492006687
:86:/EREF/11-11-2025 18:34 7020156885219574/TRCD/100/ORDP//NAME/DJ VA
N IJPEREN CJ/REMI/9068784380 7020156885219574 LH/PURP//CD/EPAY/IS
DT/2025-11-12
:61:251112C000000000077,70N100EREF//43264267803
NL79ABNA0434302767
:86:/EREF/11-11-2025 16:55 7020115991278341/TRCD/100/ORDP//NAME/JW BO
S/REMI/9068588216 7020115991278341 EP/PURP//CD/EPAY/ISDT/2025-11-
12
:61:251112C000000000157,58N100EREF//43264262558
NL85ABNA0414157990
:86:/EREF/11-11-2025 15:30 7020425688248161/TRCD/100/ORDP//NAME/H BRI
NKMAN SCHILDERWERKE/REMI/9068425051 7020425688248161 PZ/PURP//CD/
EPAY/ISDT/2025-11-12
:61:251112C000000000418,40N100EREF//43264267231
NL69ABNA0456571140
:86:/EREF/11-11-2025 19:00 7020596582397456/TRCD/100/ORDP//NAME/R VAN
 DER GOUW/REMI/9068830965 7020596582397456 HH/PURP//CD/EPAY/ISDT/
2025-11-12
:61:251112C000000000444,26N100EREF//43264256357
NL09SNSB0913746010
:86:/EREF/2025-11-11T20:25 7020955385127141/TRCD/100/ORDP//NAME/C.M.S
. Neelen e/o J.C. Neelen-Langenberg/REMI/9068999725 7020955385127
141 LH/PURP//CD/EPAY/ISDT/2025-11-12
:61:251112C000000000059,00N100EREF//43264257911
NL64SNSB0878366598
:86:/EREF/2025-11-11T15:13 7020604203367990/TRCD/100/ORDP//NAME/L.T. 
Mulder e/o M. Mulder-van der Struik/REMI/9068392138 7020604203367
990 HB/PURP//CD/EPAY/ISDT/2025-11-12
:61:251112C000000000327,47N100EREF//43264260791
NL22ABNA0107542706
:86:/EREF/11-11-2025 20:10 7020646285187864/TRCD/100/ORDP//NAME/AP NI
SHIMOTO/REMI/9068974090 7020646285187864 AR/PURP//CD/EPAY/ISDT/20
25-11-12
:61:251112C000000000011,40N100EREF//43263998618
NL21ABNA0539183024
:86:/EREF/11-11-2025 22:27 7020255103188161/TRCD/100/ORDP//NAME/EM ME
EDER/REMI/9069211303 7020255103188161 HH/PURP//CD/EPAY/ISDT/2025-
11-12
:61:251112C000000000049,98N100EREF//43264037492
NL85ASNB0708834795
:86:/EREF/2025-11-11T21:03 7020516903397501/TRCD/100/ORDP//NAME/A.M.P
. van Scheffer e/o M. van Rens/REMI/9069067263 7020516903397501 K
V/PURP//CD/EPAY/ISDT/2025-11-12
:61:251112C000000000171,16N100EREF//43264036938
NL54INGB0663105404
:86:/EREF/11-11-2025 23:40 7020414185279361/TRCD/100/ORDP//NAME/Hr G 
T C Bouwmans en/of Mw A Bouwmans-van Roekel/REMI/9069306560 70204
14185279361 EH/PURP//CD/EPAY/ISDT/2025-11-12
:61:251112C000000000277,87N100EREF//43264038209
NL81ASNB8852267816
:86:/EREF/2025-11-11T17:50 7020046582249538/TRCD/100/ORDP//NAME/W.A.C
. Koning/REMI/9068693439 7020046582249538 HA/PURP//CD/EPAY/ISDT/2
025-11-12
:61:251112C000000000104,00N100EREF//43264038376
NL92ABNA0557146437
:86:/EREF/11-11-2025 20:45 7020394209337438/TRCD/100/ORDP//NAME/R VAN
 OCHTEN CJ/REMI/9069034323 7020394209337438 EH/PURP//CD/EPAY/ISDT
/2025-11-12
:61:251112C000000001522,40N100EREF//43264038694
NL32INGB0692259732
:86:/EREF/11-11-2025 21:44 7020945385217426/TRCD/100/ORDP//NAME/Mw NL
 de Vries, Hr FHE Hilhorst/REMI/9069137111 7020945385217426 EH/PU
RP//CD/EPAY/ISDT/2025-11-12
:61:251112C000000000437,20N100EREF//43264060395
NL64INGB0757732119
:86:/EREF/11-11-2025 21:39 7020685682189760/TRCD/100/ORDP//NAME/Mw AB
 Armanska/REMI/9069125852 7020685682189760 EP/PURP//CD/EPAY/ISDT/
2025-11-12
:61:251112C000000000556,25N100EREF//43264060471
NL22INGB0795714874
:86:/EREF/11-11-2025 21:40 7020525688307321/TRCD/100/ORDP//NAME/Mw F 
Offermans/REMI/9069130695 7020525688307321 HB/PURP//CD/EPAY/ISDT/
2025-11-12
:61:251112C000000000790,80N100EREF//43264060484
NL85INGB0701626747
:86:/EREF/11-11-2025 21:52 7020886894367777/TRCD/100/ORDP//NAME/Hr MP
 Lamberts, Mw RE Abbink/REMI/9069151090 7020886894367777 PZ/PURP/
/CD/EPAY/ISDT/2025-11-12
:61:251112C000000000792,40N100EREF//43264062980
NL50INGB0749574089
:86:/EREF/11-11-2025 22:04 7020485409127459/TRCD/100/ORDP//NAME/Hr TJ
 Verhoeven/REMI/9069175925 7020485409127459 HH/PURP//CD/EPAY/ISDT
/2025-11-12
:61:251112C000000000287,20N100EREF//43264062950
NL53INGB0679566031
:86:/EREF/11-11-2025 22:14 7020884800339616/TRCD/100/ORDP//NAME/Hr R 
Groot/REMI/9069191232 7020884800339616 MD/PURP//CD/EPAY/ISDT/2025
 11-12
:61:251112C000000000204,20N100EREF//43264093351
NL68INGB0005337482
:86:/EREF/11-11-2025 23:49 7020326600129253/TRCD/100/ORDP//NAME/Hr CR
 Gemerts/REMI/9069314366 7020326600129253 LH/PURP//CD/EPAY/ISDT/2
025-11-12
:61:251112C000000000025,00N100EREF//43264094441
NL33INGB0792823591
:86:/EREF/11-11-2025 17:27 7020326003338566/TRCD/100/ORDP//NAME/Mw Y 
Troost/REMI/9068648740 7020326003338566 SR/PURP//CD/EPAY/ISDT/202
5-11-12
:61:251112C000000000373,80N100EREF//43264096876
NL83INGB0662554698
:86:/EREF/11-11-2025 18:08 7020464809189472/TRCD/100/ORDP//NAME/Hr L 
van Eijk, Mw JG van Eijk-Barendregt/REMI/9068729471 7020464809189
472 KV/PURP//CD/EPAY/ISDT/2025-11-12
:61:251112C000000001252,80N100EREF//43264096195
NL29INGB0002619953
:86:/EREF/11-11-2025 20:11 7020324803397504/TRCD/100/ORDP//NAME/Mw FM
A Schumacher,Hr HJW van Emmerik/REMI/9068972493 7020324803397504 
EH/PURP//CD/EPAY/ISDT/2025-11-12
:61:251112C000000000297,76N100EREF//43264097735
NL53INGB0003774597
:86:/EREF/11-11-2025 21:12 7020805994338878/TRCD/100/ORDP//NAME/Hr G 
A van Vemde en Mw J van Vemde-van Dragt/REMI/9069081355 702080599
4338878 HH/PURP//CD/EPAY/ISDT/2025-11-12
:61:251112C000000001355,70N100EREF//43264098919
NL69INGB0008797260
:86:/EREF/11-11-2025 21:09 7020305685337042/TRCD/100/ORDP//NAME/Mw VR
 Biharie/REMI/9069077934 7020305685337042 SL/PURP//CD/EPAY/ISDT/2
025-11-12
:61:251112C000000000314,00N100EREF//43264099790
NL58INGB0664738036
:86:/EREF/11-11-2025 21:23 7020234482278842/TRCD/100/ORDP//NAME/Hr MP
 Stravers,Mw S de Vries/REMI/9069103939 7020234482278842 KV/PURP/
/CD/EPAY/ISDT/2025-11-12
:61:251112C000000000697,15N100EREF//43264099852
NL34INGB0749931531
:86:/EREF/11-11-2025 21:22 7020155097308470/TRCD/100/ORDP//NAME/Mw I 
C van Mier en/of Hr E Raesen/REMI/9069101188 7020155097308470 KV/
PURP//CD/EPAY/ISDT/2025-11-12
:61:251112C000000000233,00N100EREF//43264099165
NL26INGB0758277555
:86:/EREF/11-11-2025 16:46 7020204491398500/TRCD/100/ORDP//NAME/Hr E 
de Vink,Mw SGE van Bogerijen/REMI/9068568985 7020204491398500 MD/
PURP//CD/EPAY/ISDT/2025-11-12
:61:251112C000000000826,30N100EREF//43264099917
NL41INGB0794169031
:86:/EREF/11-11-2025 21:23 7020236594127816/TRCD/100/ORDP//NAME/Mw L 
van der Zee-Korf/REMI/9069102197 7020236594127816 EH/PURP//CD/EPA
Y/ISDT/2025-11-12
:61:251112C000000000233,12N100EREF//43264099853
NL29INGB0004762392
:86:/EREF/11-11-2025 21:23 7020386303279142/TRCD/100/ORDP//NAME/Mw H 
Bakker/REMI/9069103950 7020386303279142 EH/PURP//CD/EPAY/ISDT/202
5-11-12
:61:251112C000000000253,74N100EREF//43264121719
NL31INGB0003011894
:86:/EREF/11-11-2025 18:42 7020444794307471/TRCD/100/ORDP//NAME/N Jwa
mmer/REMI/9068799855 7020444794307471 PZ/PURP//CD/EPAY/ISDT/2025-
11-12
:61:251112C000000000566,80N100EREF//43264120644
NL08RBRB8837031920
:86:/EREF/2025-11-11T20:42 7020485382278296/TRCD/100/ORDP//NAME/N. Bl
ankenau e/o N. Hampsink/REMI/9069032369 7020485382278296 HH/PURP/
/CD/EPAY/ISDT/2025-11-12
:61:251112C000000000497,86N100EREF//43264125087
NL79INGB0005258132
:86:/EREF/11-11-2025 17:15 7020925988369598/TRCD/100/ORDP//NAME/Hr D 
Soumokil/REMI/9068624737 7020925988369598 KV/PURP//CD/EPAY/ISDT/2
025-11-12
:61:251112C000000000676,00N100EREF//43264124445
NL31INGB0003902063
:86:/EREF/11-11-2025 20:02 7020035982278458/TRCD/100/ORDP//NAME/Hr MC
J Achterhof, Mw L Grinwis/REMI/9068956087 7020035982278458 TH/PUR
P//CD/EPAY/ISDT/2025-11-12
:61:251112C000000000564,60N100EREF//43264125957
NL08INGB0004078629
:86:/EREF/11-11-2025 16:09 7020154185189781/TRCD/100/ORDP//NAME/Mw SA
M Weerensteijn, Hr FA van der Kleij/REMI/9068502819 7020154185189
781 ZV/PURP//CD/EPAY/ISDT/2025-11-12
:61:251112C000000000536,88N100EREF//43264122435
NL42INGB0004896018
:86:/EREF/11-11-2025 17:23 7020446288218443/TRCD/100/ORDP//NAME/A A C
 de Bruijn-van Alphen e/o M E de Bruijn/REMI/9068641583 702044628
8218443 HB/PURP//CD/EPAY/ISDT/2025-11-12
:61:251112C000000000450,50N100EREF//43264122254
NL04INGB0751978868
:86:/EREF/11-11-2025 17:26 7020646882337639/TRCD/100/ORDP//NAME/Mw J 
Groeneveld-Nap,Hr AJ Groeneveld/REMI/9068646043 7020646882337639 
KV/PURP//CD/EPAY/ISDT/2025-11-12
:61:251112C000000001544,76N100EREF//43264127661
NL31INGB0001755744
:86:/EREF/11-11-2025 20:14 7020636006339622/TRCD/100/ORDP//NAME/Mw M 
A de Jong/REMI/9068976639 7020636006339622 AR/PURP//CD/EPAY/ISDT/
2025-11-12
:61:251112C000000000889,12N100EREF//43264123837
NL42INGB0003785174
:86:/EREF/11-11-2025 17:10 7020364197397459/TRCD/100/ORDP//NAME/Hr H 
Rutten en Mw C D Rutten-Olie/REMI/9068616146 7020364197397459 VM/
PURP//CD/EPAY/ISDT/2025-11-12
:61:251112C000000000284,14N100EREF//43264128409
NL26INGB0005251229
:86:/EREF/11-11-2025 18:51 7020246294368044/TRCD/100/ORDP//NAME/Hr A 
Fastl,Mw MK Fastl-Wielgoszewski/REMI/9068814872 7020246294368044 
HA/PURP//CD/EPAY/ISDT/2025-11-12
:61:251112C000000000028,50N100EREF//43264150889
NL54INGB0006193759
:86:/EREF/11-11-2025 18:23 7020264797157465/TRCD/100/ORDP//NAME/Hr RN
 Ghering/REMI/9068758999 7020264797157465 HB/PURP//CD/EPAY/ISDT/2
025-11-12
:61:251112C000000000993,89N100EREF//43264151019
NL80INGB0002747366
:86:/EREF/11-11-2025 18:18 7020516585249118/TRCD/100/ORDP//NAME/Hr GA
 van Charante, Mw MJM van Charante-Maas/REMI/9068749685 702051658
5249118 HA/PURP//CD/EPAY/ISDT/2025-11-12
:61:251112C000000000291,84N100EREF//43264151975
NL95INGB0004790304
:86:/EREF/11-11-2025 21:08 7020234491278812/TRCD/100/ORDP//NAME/Mw D 
C Sprong en/of Hr J C Breen/REMI/9069074341 7020234491278812 HB/P
URP//CD/EPAY/ISDT/2025-11-12
:61:251112C000000001243,66N100EREF//43264155421
NL20INGB0008596964
:86:/EREF/11-11-2025 20:46 7020826906307738/TRCD/100/ORDP//NAME/Hr RG
L Weggelaar/REMI/9069036415 7020826906307738 HE/PURP//CD/EPAY/ISD
T/2025-11-12
:61:251112C000000000391,90N100EREF//43264129202
NL56INGB0797162860
:86:/EREF/11-11-2025 20:21 7020024482127717/TRCD/100/ORDP//NAME/Mw Y 
van Schaik/REMI/9068993677 7020024482127717 HB/PURP//CD/EPAY/ISDT
/2025-11-12
:61:251112C000000000043,80N100EREF//43264129257
NL11INGB0669305448
:86:/EREF/11-11-2025 18:44 7020565094279610/TRCD/100/ORDP//NAME/Mw MG
 Zwetsloot/REMI/9068802410 7020565094279610 KV/PURP//CD/EPAY/ISDT
/2025-11-12
:61:251112C000000001148,00N100EREF//43264152209
NL14INGB0688483070
:86:/EREF/11-11-2025 21:13 7020135997248320/TRCD/100/ORDP//NAME/Hr S 
P Mulder en/of Mw I van Duin/REMI/9069086038 7020135997248320 HB/
PURP//CD/EPAY/ISDT/2025-11-12
:61:251112C000000000757,09N100EREF//43264159648
NL43INGB0006496403
:86:/EREF/11-11-2025 20:37 7020584503308959/TRCD/100/ORDP//NAME/Hr J 
P H Baltussen/REMI/9069021447 7020584503308959 HE/PURP//CD/EPAY/I
SDT/2025-11-12
:61:251112C000000000738,06N100EREF//43264180075
NL50INGB0689797354
:86:/EREF/11-11-2025 15:39 7020985997309109/TRCD/100/ORDP//NAME/Hr MJ
 Visser, Mw AC Vierveijzer/REMI/9068443502 7020985997309109 VM/PU
RP//CD/EPAY/ISDT/2025-11-12
:61:251112C000000000381,25N100EREF//43264159939
NL60INGB0673086208
:86:/EREF/11-11-2025 21:00 7020925688127303/TRCD/100/ORDP//NAME/Mw K 
Bos/REMI/9069061530 7020925688127303 VM/PURP//CD/EPAY/ISDT/2025-1
1-12
:61:251112C000000000021,00N100EREF//43264180188
NL28INGB0114526737
:86:/EREF/11-11-2025 15:41 7020775700249040/TRCD/100/ORDP//NAME/Hr PP
HJ Dircken/REMI/9068444964 7020775700249040 MD/PURP//CD/EPAY/ISDT
/2025-11-12
:61:251112C000000000308,60N100EREF//43264158266
NL53INGB0003143418
:86:/EREF/11-11-2025 19:19 7020426891159937/TRCD/100/ORDP//NAME/Mw I 
Huismans-de Waard en/of Hr J M Huismans/REMI/9068876202 702042689
1159937 HB/PURP//CD/EPAY/ISDT/2025-11-12
:61:251112C000000001201,30N100EREF//43264253383
NL38ABNA0566534002
:86:/EREF/11-11-2025 19:26 7020204782277024/TRCD/100/ORDP//NAME/O LON
T/REMI/9068881084 7020204782277024 KV/PURP//CD/EPAY/ISDT/2025-11-
12
:61:251112C000000000220,20N100EREF//43264254342
NL14ABNA0601334639
:86:/EREF/11-11-2025 19:23 7020045709307201/TRCD/100/ORDP//NAME/PNM F
ABER CJ/REMI/9068883186 7020045709307201 HB/PURP//CD/EPAY/ISDT/20
25-11-12
:61:251112C000000000478,80N100EREF//43263988630
NL71ABNA0400393360
:86:/EREF/11-11-2025 23:31 7020605697278488/TRCD/100/ORDP//NAME/M VAN
 DEN BERG CJ/REMI/9069297414 7020605697278488 MD/PURP//CD/EPAY/IS
DT/2025-11-12
:61:251112C000000000797,25N100EREF//43263989028
NL18ABNA0980891493
:86:/EREF/11-11-2025 22:27 7020056897189667/TRCD/100/ORDP//NAME/KLEIN
 VAN KEULEN M A CJ/REMI/9069211796 7020056897189667 HH/PURP//CD/E
PAY/ISDT/2025-11-12
:61:251112C000000001414,96N100EREF//43263988605
NL07ABNA0574837663
:86:/EREF/11-11-2025 22:28 7020896900157981/TRCD/100/ORDP//NAME/S H I
 LUBBEN WOLDHUIS CJ/REMI/9069213358 7020896900157981 SL/PURP//CD/
EPAY/ISDT/2025-11-12
:61:251112C000000000743,24N100EREF//43264010223
NL86ABNA0828651388
:86:/EREF/11-11-2025 22:47 7020296897128497/TRCD/100/ORDP//NAME/R HUL
SBOSCH CJ/REMI/9069240187 7020296897128497 EH/PURP//CD/EPAY/ISDT/
2025-11-12
:61:251112C000000000060,00N100EREF//43263989491
NL25ABNA0453001556
:86:/EREF/12-11-2025 00:27 7020525985219976/TRCD/100/ORDP//NAME/GHC D
UCHENNE CJ/REMI/9069351532 7020525985219976 VM/PURP//CD/EPAY/ISDT
/2025-11-12
:61:251112C000000000884,80N100EREF//43263987865
NL03ABNA0613390385
:86:/EREF/11-11-2025 22:01 7020764788338881/TRCD/100/ORDP//NAME/AR MU
LLER/REMI/9069168788 7020764788338881 LH/PURP//CD/EPAY/ISDT/2025-
11-12
:61:251112C000000000285,24N100EREF//43264018335
NL61RBRB8837330308
:86:/EREF/2025-11-11T16:07 7020856594128884/TRCD/100/ORDP//NAME/Secuu
r Bouw BV/REMI/9068496158 7020856594128884 EH/PURP//CD/EPAY/ISDT/
2025-11-12
:61:251112C000000000099,00N100EREF//43264018140
NL50SNSB0907152570
:86:/EREF/2025-11-11T19:04 7020566582398314/TRCD/100/ORDP//NAME/L.P.J
. Veul e/o E.G.M. Veul-Bakkum/REMI/9068842499 7020566582398314 HB
/PURP//CD/EPAY/ISDT/2025-11-12
:61:251112C000000000478,80N100EREF//OO9T005199158799
NL91RABO0312435029
:86:/EREF/12-11-2025 08:21 7020604503395353/TRCD/100/ORDP//NAME/J. va
n Oort eo A.M.E. van Oort-Kruijsbergen/REMI/9069693536 7020604503
395353 EH xui-53926459/PURP//CD/EPAY/ISDT/2025-11-12
:61:251112C000000000300,60N100EREF//43264043070
NL35INGB0688982921
:86:/EREF/11-11-2025 22:17 7020234482247285/TRCD/100/ORDP//NAME/Mw FA
 Reijnen/REMI/9069195412 7020234482247285 MD/PURP//CD/EPAY/ISDT/2
025-11-12
:61:251112C000000000059,00N100EREF//43264043068
NL32INGB0692259732
:86:/EREF/11-11-2025 22:18 7020945406157279/TRCD/100/ORDP//NAME/Mw NL
 de Vries, Hr FHE Hilhorst/REMI/9069196967 7020945406157279 EH/PU
RP//CD/EPAY/ISDT/2025-11-12
:61:251112C000000000985,60N100EREF//43264084070
NL88INGB0007874351
:86:/EREF/11-11-2025 15:58 7020416285307126/TRCD/100/ORDP//NAME/Mw I 
Poppen/REMI/9068482428 7020416285307126 ZV/PURP//CD/EPAY/ISDT/202
5-11-12
:61:251112C000000000015,00N100EREF//43264084661
NL58INGB0757922929
:86:/EREF/11-11-2025 15:48 7020284191247537/TRCD/100/ORDP//NAME/Mw A 
Benjamins, Hr K Zwiers/REMI/9068462749 7020284191247537 HH/PURP//
CD/EPAY/ISDT/2025-11-12
:61:251112C000000000200,00N100EREF//43264086071
NL25INGB0672508621
:86:/EREF/11-11-2025 17:00 7020644197399664/TRCD/100/ORDP//NAME/Hr T 
Peeters, Mw R van de Braak/REMI/9068599974 7020644197399664 KV/PU
RP//CD/EPAY/ISDT/2025-11-12
:61:251112C000000001312,47N100EREF//43264082600
NL77INGB0004487018
:86:/EREF/11-11-2025 21:31 7020055394397168/TRCD/100/ORDP//NAME/Hr W 
F M Baremans en Mw M C J Baremans-Dekkers/REMI/9069119220 7020055
394397168 KV/PURP//CD/EPAY/ISDT/2025-11-12
:61:251112C000000000077,00N100EREF//43264087629
NL84INGB0700548610
:86:/EREF/11-11-2025 16:56 7020395991247597/TRCD/100/ORDP//NAME/Hr SJ
G Gijtenbeek, Mw FS Vonk/REMI/9068589473 7020395991247597 VM/PURP
//CD/EPAY/ISDT/2025-11-12
:61:251112C000000000851,30N100EREF//43264089940
NL96INGB0749325232
:86:/EREF/11-11-2025 16:52 7020536897369751/TRCD/100/ORDP//NAME/Mw S 
Chhatta/REMI/9068583264 7020536897369751 KV/PURP//CD/EPAY/ISDT/20
25-11-12
:61:251112C000000000616,24N100EREF//43264089024
NL89INGB0004454404
:86:/EREF/11-11-2025 19:41 7020925697339418/TRCD/100/ORDP//NAME/Mw M 
Heibloem-Kroon/REMI/9068918785 7020925697339418 EH/PURP//CD/EPAY/
ISDT/2025-11-12
:61:251112C000000000045,00N100EREF//43264112319
NL81INGB0006042341
:86:/EREF/11-11-2025 15:41 7020746903398989/TRCD/100/ORDP//NAME/Hr M 
Winkel,Mw S Winkel-Lagendijk/REMI/9068448517 7020746903398989 VM/
PURP//CD/EPAY/ISDT/2025-11-12
:61:251112C000000000145,34N100EREF//43264110904
NL28INGB0009287848
:86:/EREF/11-11-2025 17:42 7020926003399517/TRCD/100/ORDP//NAME/Mw M 
D Kars/REMI/9068677245 7020926003399517 HA/PURP//CD/EPAY/ISDT/202
5-11-12
:61:251112C000000000461,40N100EREF//43264111449
NL67INGB0438435516
:86:/EREF/11-11-2025 17:40 7020086888337954/TRCD/100/ORDP//NAME/Mw JM
H van Tilborg/REMI/9068673935 7020086888337954 LH/PURP//CD/EPAY/I
SDT/2025-11-12
:61:251112C000000000203,60N100EREF//43264116663
NL55INGB0661233286
:86:/EREF/11-11-2025 16:10 7020396300249079/TRCD/100/ORDP//NAME/Hr HM
C Schoonbroodt/REMI/9068501189 7020396300249079 EP/PURP//CD/EPAY/
ISDT/2025-11-12
:61:251112C000000000357,80N100EREF//43264119677
NL43INGB0007041252
:86:/EREF/11-11-2025 20:24 7020125385127612/TRCD/100/ORDP//NAME/Hr TW
 van den Ende,Mw ZL Bujakiewicz/REMI/9068997720 7020125385127612 
KV/PURP//CD/EPAY/ISDT/2025-11-12
:61:251112C000000000111,80N100EREF//43264119271
NL21INGB0423182803
:86:/EREF/11-11-2025 18:49 7020645403278068/TRCD/100/ORDP//NAME/Hr AJ
 Arendsen,Mw KPH van Wijk/REMI/9068813341 7020645403278068 MD/PUR
P//CD/EPAY/ISDT/2025-11-12
:61:251112C000000001620,65N100EREF//43264141971
NL83INGB0678969523
:86:/EREF/11-11-2025 19:25 7020146909399781/TRCD/100/ORDP//NAME/Mw MM
 Schuman/REMI/9068887194 7020146909399781 PZ/PURP//CD/EPAY/ISDT/2
025-11-12
:61:251112C000000000021,00N100EREF//43264142479
NL78INGB0008693211
:86:/EREF/11-11-2025 21:07 7020064491308875/TRCD/100/ORDP//NAME/Hr JP
H Ubaghs/REMI/9069074641 7020064491308875 LH/PURP//CD/EPAY/ISDT/2
025-11-12
:61:251112C000000000744,60N100EREF//43264142947
NL36INGB0749886099
:86:/EREF/11-11-2025 20:55 7020046897127912/TRCD/100/ORDP//NAME/Hr J 
Calsbeek, Mw MJE Calsbeek-Holwerda/REMI/9069051827 70200468971279
12 TH/PURP//CD/EPAY/ISDT/2025-11-12
:61:251112C000000000075,00N100EREF//43264142932
NL33INGB0671097709
:86:/EREF/11-11-2025 20:47 7020385997129742/TRCD/100/ORDP//NAME/Hr M 
Spijker/REMI/9069040247 7020385997129742 SL/PURP//CD/EPAY/ISDT/20
25-11-12
:61:251112C000000001155,10N100EREF//43264143199
NL83INGB0002617817
:86:/EREF/11-11-2025 21:18 7020715109279448/TRCD/100/ORDP//NAME/J G M
 Plettenberg Mw J T M Plettenberg-Hendriks/REMI/9069095531 702071
5109279448 HB/PURP//CD/EPAY/ISDT/2025-11-12
:61:251112C000000000704,10N100EREF//43264144050
NL21INGB0798555343
:86:/EREF/11-11-2025 20:47 7020835097397738/TRCD/100/ORDP//NAME/Hr N 
Holsappel,DD Holsappel-Raggers/REMI/9069038523 7020835097397738 H
H/PURP//CD/EPAY/ISDT/2025-11-12
:61:251112C000000001037,30N100EREF//43264119807
NL60INGB0003281323
:86:/EREF/11-11-2025 20:25 7020346285159274/TRCD/100/ORDP//NAME/Hr J 
J W Herman en Mw S C M Herman-Mannaert/REMI/9069000833 7020346285
159274 PZ/PURP//CD/EPAY/ISDT/2025-11-12
:61:251112C000000002369,20N100EREF//43264141028
NL14INGB0007995963
:86:/EREF/11-11-2025 17:03 7020476600398329/TRCD/100/ORDP//NAME/Hr R 
Vermeer/REMI/9068601757 7020476600398329 EH/PURP//CD/EPAY/ISDT/20
25-11-12
:61:251112C000000000587,00N100EREF//43264146660
NL91INGB0702938564
:86:/EREF/11-11-2025 16:36 7020765997338812/TRCD/100/ORDP//NAME/Mw JT
M Langenkamp, Mw AG Smienk/REMI/9068553721 7020765997338812 TH/PU
RP//CD/EPAY/ISDT/2025-11-12
:61:251112C000000001274,60N100EREF//43264146643
NL46INGB0700298355
:86:/EREF/11-11-2025 21:00 7020094785248002/TRCD/100/ORDP//NAME/Mw AK
 Schrier-Bolt,Hr T Schrier/REMI/9069062633 7020094785248002 HH/PU
RP//CD/EPAY/ISDT/2025-11-12
:61:251112C000000000379,22N100EREF//43264147231
NL35INGB0003710707
:86:/EREF/11-11-2025 19:23 7020294185367696/TRCD/100/ORDP//NAME/Hr T 
Kooijman, Mw KJC Kooijman-Kers/REMI/9068884283 7020294185367696 P
Z/PURP//CD/EPAY/ISDT/2025-11-12
:61:251112C000000000358,70N100EREF//43264148221
NL39INGB0007633121
:86:/EREF/11-11-2025 18:59 7020436009279901/TRCD/100/ORDP//NAME/Mw P 
Boon/REMI/9068831428 7020436009279901 LH/PURP//CD/EPAY/ISDT/2025-
11-12
:61:251112C000000000692,40N100EREF//43263897415
NL60SNSB8838593876
:86:/EREF/2025-11-11T23:34 7020824500129487/TRCD/100/ORDP//NAME/J.A.J
. Kars e/o P.T. Vleugel/REMI/9069300853 7020824500129487 KM/PURP/
/CD/EPAY/ISDT/2025-11-12
:61:251112C000000000223,90N100EREF//43264209913
NL67ABNA0116882220
:86:/EREF/11-11-2025 19:03 7020856897339019/TRCD/100/ORDP//NAME/P JAN
SSEN CJ/REMI/9068838890 7020856897339019 HB/PURP//CD/EPAY/ISDT/20
25-11-12
:61:251112C000000000250,00N100EREF//43264230545
NL38ABNA0424333457
:86:/EREF/11-11-2025 17:30 7020106594369469/TRCD/100/ORDP//NAME/J H V
INKX VAN DER MEER/REMI/9068656906 7020106594369469 LH/PURP//CD/EP
AY/ISDT/2025-11-12
:61:251112C000000000846,50N100EREF//43264230800
NL16ABNA0145799808
:86:/EREF/11-11-2025 19:17 7020976303159337/TRCD/100/ORDP//NAME/A EKE
LMANS CJ/REMI/9068873729 7020976303159337 EP/PURP//CD/EPAY/ISDT/2
025-11-12
:61:251112C000000000606,40N100EREF//43263895130
NL60ABNA0144357984
:86:/EREF/11-11-2025 21:42 7020406003307165/TRCD/100/ORDP//NAME/R GAU
TAM CJ/REMI/9069133516 7020406003307165 LH/PURP//CD/EPAY/ISDT/202
5-11-12
:61:251112C000000000168,40N100EREF//43263892174
NL91BUNQ2104260361
:86:/EREF/11-11-2025 20:05 7020686306127789/TRCD/100/ORDP//NAME/Quint
en Ceelen  M. Kleangtong CJ/REMI/9068961472 7020686306127789 EP/P
URP//CD/EPAY/ISDT/2025-11-12
:61:251112C000000000532,40N100EREF//43263995975
NL81ABNA0860209652
:86:/EREF/11-11-2025 21:21 7020134200218728/TRCD/100/ORDP//NAME/JB HU
LSHOFF CJ/REMI/9069099599 7020134200218728 HB/PURP//CD/EPAY/ISDT/
2025-11-12
:61:251112C000000000273,20N100EREF//43263995214
NL70RBRB0783115857
:86:/EREF/2025-11-11T21:32 7020236000278800/TRCD/100/ORDP//NAME/S. Ha
mminga e/o N. Pultrum/REMI/9069118431 7020236000278800 HH/PURP//C
D/EPAY/ISDT/2025-11-12
:61:251112C000000000314,20N100EREF//43264184111
NL14SNSB8839338209
:86:/EREF/2025-11-11T14:46 7020105994339892/TRCD/100/ORDP//NAME/S.P.M
.X. Brune e/o S.T.V. Gruel/REMI/9068343262 7020105994339892 LH/PU
RP//CD/EPAY/ISDT/2025-11-12
:61:251112C000000000459,88N100EREF//43264183328
NL44ABNA0848260015
:86:/EREF/11-11-2025 19:13 7020304800157777/TRCD/100/ORDP//NAME/K SIN
OT/REMI/9068862513 7020304800157777 EH/PURP//CD/EPAY/ISDT/2025-11
 12
:61:251112C000000001212,20N100EREF//43264184208
NL18SNSB0979081653
:86:/EREF/2025-11-11T12:50 7020304200307873/TRCD/100/ORDP//NAME/B.P.S
. Bijman/REMI/9068114407 7020304200307873 HB/PURP//CD/EPAY/ISDT/2
025-11-12
:61:251112C000000000105,20N100EREF//43264251065
NL86ABNA0141737352
:86:/EREF/11-11-2025 17:28 7020066882158731/TRCD/100/ORDP//NAME/T SAL
DEN CJ/REMI/9068648718 7020066882158731 MD/PURP//CD/EPAY/ISDT/202
5-11-12
:61:251112C000000000349,20N100EREF//43263882655
NL65BUNQ2084318017
:86:/EREF/11-11-2025 17:31 7020406006278950/TRCD/100/ORDP//NAME/R. Zi
ehme/REMI/9068659980 7020406006278950 HB/PURP//CD/EPAY/ISDT/2025-
11-12
:61:251112C000000295968,03N541EREF//43263969646
LU89751000135104200E
:86:/EREF/YYW1046138654953/TRCD/541/ORDP//NAME/PayPal Europe S.a.r.l.
 et Cie S.C.A/REMI/YYW1046138654953/PAYPAL/ISDT/2025-11-12
:61:251112C000000000310,60N100EREF//43264149540
NL60INGB0702239364
:86:/EREF/11-11-2025 19:02 7020225691397996/TRCD/100/ORDP//NAME/Mw Y 
Biesheuvel/REMI/9068837931 7020225691397996 ZV/PURP//CD/EPAY/ISDT
/2025-11-12
:61:251112C000000000099,00N100EREF//43264171139
NL94ASNB0785791426
:86:/EREF/2025-11-11T13:50 7020686303278440/TRCD/100/ORDP//NAME/J. Re
mmerswaal e/o K.B.C. van der Harst/REMI/9068237999 70206863032784
40 EP/PURP//CD/EPAY/ISDT/2025-11-12
:61:251112C000000000517,72N541NONREF//43263984067
BE02001205073840
:86:/TRCD/541/ORDP//NAME/HARRY BULTE/REMI/Reserveringsnummer 3103278/
ISDT/2025-11-12
:61:251112C000000000007,00N100EREF//OO9T005199163854
NL80RABO0373397496
:86:/EREF/12-11-2025 08:24 7020234791276007/TRCD/100/ORDP//NAME/E. St
euten eo R.H.H. Lempens/ID/84816562/REMI/9069700324 7020234791276
007 5864932-6318434-1762932227513 xui-80429245/PURP//CD/EPAY/ISDT
/2025-11-12
:61:251112C000000000852,56N541NONREF//PEIP-20251112128
NL95RBRB8836033679
:86:/TRCD/541/ORDP//NAME/R. Derksen/REMI/8052238/ISDT/2025-11-12
:61:251112C000000001607,00N100EREF//OO9T005199168550
NL24RABO0177084472
:86:/EREF/12-11-2025 08:26 7020806303216670/TRCD/100/ORDP//NAME/M.J.A
. van de Vijver-de Bruijn eo Y.J.G. van de Vijver/REMI/9069701564
 7020806303216670 EH xui-92434624/PURP//CD/EPAY/ISDT/2025-11-12
:61:251112C000000000297,00N100EREF//OO9T005199170282
NL64RABO0368438465
:86:/EREF/12-11-2025 08:27 7020334497244204/TRCD/100/ORDP//NAME/D.A. 
Keesom eo K. Oskam/REMI/9069703347 7020334497244204 EH xui-141036
56/PURP//CD/EPAY/ISDT/2025-11-12
:61:251112C000000000527,16N100EREF//43263986490
NL70ABNA0892980427
:86:/EREF/11-11-2025 21:22 7020704797398914/TRCD/100/ORDP//NAME/VERDU
IJN F CJ/REMI/9069101125 7020704797398914 MD/PURP//CD/EPAY/ISDT/2
025-11-12
:61:251112C000000001165,06N100EREF//43263986749
NL69ABNA0407905464
:86:/EREF/11-11-2025 21:44 7020526297157630/TRCD/100/ORDP//NAME/J DE 
KOK/REMI/9069136580 7020526297157630 AG/PURP//CD/EPAY/ISDT/2025-1
1-12
:61:251112C000000000454,14N100EREF//43264173247
NL75ASNB0781148960
:86:/EREF/2025-11-11T15:27 7020356306368329/TRCD/100/ORDP//NAME/T. Pa
ter/REMI/9068418455 7020356306368329 PZ/PURP//CD/EPAY/ISDT/2025-1
1-12
:61:251112C000000000025,00N100EREF//43264173286
NL64INGB0656840188
:86:/EREF/11-11-2025 17:35 7020024203157846/TRCD/100/ORDP//NAME/Hr A 
Rook, Mw A Szczesny/REMI/9068665563 7020024203157846 HA/PURP//CD/
EPAY/ISDT/2025-11-12
:61:251112C000000000427,62N100EREF//43264002799
NL65INGB0004657081
:86:/EREF/12-11-2025 06:27 7020575097216526/TRCD/100/ORDP//NAME/Mw M 
Krul/REMI/9069561570 7020575097216526 HH/PURP//CD/EPAY/ISDT/2025-
11-12
:61:251112C000000001007,40N100EREF//43264026034
NL58ABNA0415126827
:86:/EREF/11-11-2025 21:01 7020574185278296/TRCD/100/ORDP//NAME/RTJ V
AN DEN BEKEROM CJ/REMI/9069065622 7020574185278296 ZV/PURP//CD/EP
AY/ISDT/2025-11-12
:61:251112C000000000852,23N100EREF//43264026864
NL90ABNA0540796832
:86:/EREF/12-11-2025 00:33 7020375409158692/TRCD/100/ORDP//NAME/NANCY
S THUISZORG A TOT Z/REMI/9069353675 7020375409158692 VM/PURP//CD/
EPAY/ISDT/2025-11-12
:61:251112C000000000060,00N100EREF//43264056133
NL77ABNA0869503197
:86:/EREF/11-11-2025 15:39 7020185385279898/TRCD/100/ORDP//NAME/E S A
 VD MEULEN/REMI/9068446400 7020185385279898 VM/PURP//CD/EPAY/ISDT
/2025-11-12
:61:251112C000000000694,80N100EREF//43264055684
NL06INGB0002785364
:86:/EREF/11-11-2025 21:36 7020695994157114/TRCD/100/ORDP//NAME/Hr RL
A van Bunnik, G van Bunnik-Oude Wolbers/REMI/9069125658 702069599
4157114 HH/PURP//CD/EPAY/ISDT/2025-11-12
:61:251112C000000000035,00N100EREF//43264055814
NL36RBRB8849159811
:86:/EREF/2025-11-11T20:58 7020184506368419/TRCD/100/ORDP//NAME/H.M. 
van Doorn/REMI/9069060929 7020184506368419 HA/PURP//CD/EPAY/ISDT/
2025-11-12
:61:251112C000000000551,50N100EREF//43264027949
NL52ABNA0566650150
:86:/EREF/11-11-2025 23:14 7020196597129649/TRCD/100/ORDP//NAME/MJ LE
PIORZ CJ/REMI/9069277406 7020196597129649 KV/PURP//CD/EPAY/ISDT/2
025-11-12
:61:251112C000000000467,70N100EREF//43264059699
NL20INGB0795140282
:86:/EREF/11-11-2025 21:56 7020264809129025/TRCD/100/ORDP//NAME/Mw R 
de Jong-Damming/REMI/9069160208 7020264809129025 HH/PURP//CD/EPAY
/ISDT/2025-11-12
:61:251112C000000001041,48N100EREF//43264058802
NL34INGB0006366488
:86:/EREF/11-11-2025 21:52 7020124191309400/TRCD/100/ORDP//NAME/DJ va
n den Berg-Noordenbos/REMI/9069153469 7020124191309400 EH/PURP//C
D/EPAY/ISDT/2025-11-12
:61:251112C000000000345,74N100EREF//43264058862
NL45INGB0755215990
:86:/EREF/11-11-2025 21:52 7020856300339217/TRCD/100/ORDP//NAME/Mw A 
Kraaijeveld/REMI/9069150683 7020856300339217 PZ/PURP//CD/EPAY/ISD
T/2025-11-12
:61:251112C000000001037,20N100EREF//43264079936
NL57INGB0007675865
:86:/EREF/11-11-2025 22:22 7020646294219124/TRCD/100/ORDP//NAME/Hr EN
 Peeters/REMI/9069204980 7020646294219124 KV/PURP//CD/EPAY/ISDT/2
025-11-12
:61:251112C000000001050,85N100EREF//43264105946
NL98INGB0668393149
:86:/EREF/11-11-2025 21:05 7020504800127582/TRCD/100/ORDP//NAME/Hr NC
M Walravens, Mw A Berendsen/REMI/9069071294 7020504800127582 HH/P
URP//CD/EPAY/ISDT/2025-11-12
:61:251112C000000000015,00N100EREF//43264104380
NL93INGB0006718021
:86:/EREF/11-11-2025 20:12 7020116909278248/TRCD/100/ORDP//NAME/Hr P 
de Bie en/of Mw T U M de Bie-Willemsen/REMI/9068976611 7020116909
278248 HB/PURP//CD/EPAY/ISDT/2025-11-12
:61:251112C000000001525,20N100EREF//43264109033
NL84INGB0008864405
:86:/EREF/11-11-2025 19:05 7020325109369433/TRCD/100/ORDP//NAME/Hr M 
Brouwers, Mw L Snoeren/REMI/9068845681 7020325109369433 MD/PURP//
CD/EPAY/ISDT/2025-11-12
:61:251112C000000000250,00N100EREF//43264108283
NL48INGB0758366302
:86:/EREF/11-11-2025 19:36 7020065409307936/TRCD/100/ORDP//NAME/Mw L 
Hulzinga,Hr GJHM van Rooij/REMI/9068908044 7020065409307936 EH/PU
RP//CD/EPAY/ISDT/2025-11-12
:61:251112C000000001677,00N100EREF//43264108975
NL35INGB0006579482
:86:/EREF/11-11-2025 19:05 7020184203277042/TRCD/100/ORDP//NAME/Mw S 
C Lemmens-van der Struif/REMI/9068845692 7020184203277042 MD/PURP
//CD/EPAY/ISDT/2025-11-12
:61:251112C000000000160,15N100EREF//43264108870
NL79INGB0109399854
:86:/EREF/11-11-2025 19:03 7020525406278779/TRCD/100/ORDP//NAME/KEUS 
BOUW ? INSTALLATIE/REMI/9068840501 7020525406278779 HB/PURP//CD/E
PAY/ISDT/2025-11-12
:61:251112C000000000250,00N100EREF//43264106728
NL14INGB0005116033
:86:/EREF/11-11-2025 19:41 7020324782369193/TRCD/100/ORDP//NAME/Mw YA
WG van Aarssen/REMI/9068919804 7020324782369193 LH/PURP//CD/EPAY/
ISDT/2025-11-12
:61:251112C000000000036,00N100EREF//43264107044
NL28INGB0009287848
:86:/EREF/11-11-2025 19:31 7020376309127018/TRCD/100/ORDP//NAME/Mw M 
D Kars/REMI/9068899894 7020376309127018 HA/PURP//CD/EPAY/ISDT/202
5-11-12
:61:251112C000000000706,35N100EREF//43264106853
NL15INGB0008628191
:86:/EREF/11-11-2025 21:15 7020304491339604/TRCD/100/ORDP//NAME/HR D 
C H de Been/REMI/9069088501 7020304491339604 HB/PURP//CD/EPAY/ISD
T/2025-11-12
:61:251112C000000000613,40N100EREF//43264107177
NL13INGB0684651297
:86:/EREF/11-11-2025 18:10 7020245097127447/TRCD/100/ORDP//NAME/Hr RC
 Schoon, Mw MC Leegte/REMI/9068735154 7020245097127447 SR/PURP//C
D/EPAY/ISDT/2025-11-12
:61:251112C000000000169,00N100EREF//43264130643
NL22INGB0004931395
:86:/EREF/11-11-2025 18:32 7020004803129385/TRCD/100/ORDP//NAME/Hr DM
R Goppel,Mw MA Goppel-Bakvis/REMI/9068778434 7020004803129385 HB/
PURP//CD/EPAY/ISDT/2025-11-12
:61:251112C000000000132,55N100EREF//43264137071
NL36INGB0007022657
:86:/EREF/11-11-2025 20:06 7020735094189121/TRCD/100/ORDP//NAME/Mw A 
Beijlevelt/REMI/9068966831 7020735094189121 HH/PURP//CD/EPAY/ISDT
/2025-11-12
:61:251112C000000000036,00N100EREF//43264139378
NL28INGB0009287848
:86:/EREF/11-11-2025 19:24 7020616606338986/TRCD/100/ORDP//NAME/Mw M 
D Kars/REMI/9068887983 7020616606338986 HA/PURP//CD/EPAY/ISDT/202
5-11-12
:61:251112C000000000014,00N100EREF//43264139928
NL19INGB0002189162
:86:/EREF/11-11-2025 16:42 7020125988219322/TRCD/100/ORDP//NAME/Hr J 
Koopman/REMI/9068564437 7020125988219322 EH/PURP//CD/EPAY/ISDT/20
25-11-12
:61:251112C000000000028,50N100EREF//43264139728
NL22INGB0651266742
:86:/EREF/11-11-2025 18:21 7020325403249409/TRCD/100/ORDP//NAME/Mw MR
 Willems/REMI/9068757460 7020325403249409 HB/PURP//CD/EPAY/ISDT/2
025-11-12
:61:251112C000000001742,06N100EREF//43264139267
NL33INGB0004036663
:86:/EREF/11-11-2025 18:22 7020316597337909/TRCD/100/ORDP//NAME/Hr FJ
 Slingerland, PC Slingerland-de Bruijn/REMI/9068759277 7020316597
337909 PZ/PURP//CD/EPAY/ISDT/2025-11-12
:61:251112C000000000250,00N100EREF//43264137899
NL27INGB0001502258
:86:/EREF/11-11-2025 18:25 7020276009338290/TRCD/100/ORDP//NAME/Hr MJ
 Janssen, Mw AJA Janssen-Martens/REMI/9068764171 7020276009338290
 VM/PURP//CD/EPAY/ISDT/2025-11-12
:61:251112C000000000349,20N100EREF//43264137524
NL40INGB0005346910
:86:/EREF/11-11-2025 19:59 7020154488218938/TRCD/100/ORDP//NAME/Hr AM
 Voshol,Mw Y Voshol-Kok/REMI/9068953366 7020154488218938 ZV/PURP/
/CD/EPAY/ISDT/2025-11-12
:61:251112C000000000992,05N100EREF//43264137174
NL28INGB0008384681
:86:/EREF/11-11-2025 20:20 7020666006307936/TRCD/100/ORDP//NAME/Mw J 
Kerkhoven/REMI/9068990679 7020666006307936 HA/PURP//CD/EPAY/ISDT/
2025-11-12
:61:251112C000000000001,15N100EREF//43264138279
NL81INGB0007614226
:86:/EREF/11-11-2025 19:48 7020564188158791/TRCD/100/ORDP//NAME/Hr A 
van Twillert/REMI/9068931107 7020564188158791 HH/PURP//CD/EPAY/IS
DT/2025-11-12
:61:251112C000000000160,20N100EREF//43264163919
NL98INGB0003960803
:86:/EREF/11-11-2025 17:51 7020486903307372/TRCD/100/ORDP//NAME/A Wij
enberg,Mw TGE Wijenberg-Horst/REMI/9068694073 7020486903307372 VM
/PURP//CD/EPAY/ISDT/2025-11-12
:61:251112C000000000151,87N100EREF//43264164039
NL41INGB0008159504
:86:/EREF/11-11-2025 16:38 7020955994338530/TRCD/100/ORDP//NAME/Mw A 
J M van Wijnbergen-Turk/REMI/9068558198 7020955994338530 SL/PURP/
/CD/EPAY/ISDT/2025-11-12
:61:251112C000000000169,00N100EREF//43264164722
NL98INGB0007340186
:86:/EREF/11-11-2025 20:35 7020475091278329/TRCD/100/ORDP//NAME/Hr R 
van der Tol, Mw LL de Wit/REMI/9069017251 7020475091278329 EP/PUR
P//CD/EPAY/ISDT/2025-11-12
:61:251112C000000000332,10N100EREF//43264165417
NL16INGB0705439216
:86:/EREF/11-11-2025 19:22 7020605109398965/TRCD/100/ORDP//NAME/Mw B 
Grave/REMI/9068882258 7020605109398965 HH/PURP//CD/EPAY/ISDT/2025
 11-12
:61:251112C000000000498,00N100EREF//43264166312
NL91INGB0668279591
:86:/EREF/11-11-2025 20:33 7020185709128140/TRCD/100/ORDP//NAME/Mw P 
Kooij,Hr XR Mulder/REMI/9069013412 7020185709128140 MD/PURP//CD/E
PAY/ISDT/2025-11-12
:61:251112C000000000315,20N100EREF//43264218997
NL59ABNA0825974771
:86:/EREF/11-11-2025 20:27 7020206003338692/TRCD/100/ORDP//NAME/GROEN
ENDIJK KEPEL M B CJ/REMI/9069003675 7020206003338692 MD/PURP//CD/
EPAY/ISDT/2025-11-12
:61:251112C000000000563,17N100EREF//43264217609
NL15ABNA0473777002
:86:/EREF/11-11-2025 20:31 7020476888188344/TRCD/100/ORDP//NAME/M VER
KADE VAN DER WEL/REMI/9069009980 7020476888188344 EH/PURP//CD/EPA
Y/ISDT/2025-11-12
:61:251112C000000000652,95N100EREF//43264218000
NL76ABNA0247846899
:86:/EREF/11-11-2025 16:30 7020535982309409/TRCD/100/ORDP//NAME/E DE 
VRIES CJ/REMI/9068541801 7020535982309409 HH/PURP//CD/EPAY/ISDT/2
025-11-12
:61:251112C000000000035,00N100EREF//43263975859
NL40ASNB0772876169
:86:/EREF/2025-11-11T23:29 7020054185337360/TRCD/100/ORDP//NAME/J. va
n Iterson/REMI/9069296225 7020054185337360 HB/PURP//CD/EPAY/ISDT/
2025-11-12
:61:251112C000000000293,92N100EREF//43264169066
NL02ABNA0586405003
:86:/EREF/11-11-2025 20:36 7020196900127948/TRCD/100/ORDP//NAME/P HAI
SMA CJ/REMI/9069022028 7020196900127948 MD/PURP//CD/EPAY/ISDT/202
5-11-12
:61:251112C000000000440,12N100EREF//43263974650
NL24ASNB8832237954
:86:/EREF/2025-11-11T22:20 7020484800309424/TRCD/100/ORDP//NAME/I. va
n As/REMI/9069198986 7020484800309424 EH/PURP//CD/EPAY/ISDT/2025-
11-12
:61:251112C000000000012,00N100EREF//43264216386
NL06ASNB0706838890
:86:/EREF/2025-11-11T13:31 7020916591369046/TRCD/100/ORDP//NAME/M. de
 Blaauw e/o I.M.G. de Vrasdonk/REMI/9068203683 7020916591369046 H
H/PURP//CD/EPAY/ISDT/2025-11-12
:61:251112C000000000703,20N100EREF//43264169666
NL58RBRB0908593236
:86:/EREF/2025-11-11T18:37 7020005703247012/TRCD/100/ORDP//NAME/R.J.J
.W. vd Loop e/o J.H. van der Loop-Janssen/REMI/9068786814 7020005
703247012 EP/PURP//CD/EPAY/ISDT/2025-11-12
:61:251112C000000000586,80N100EREF//43263973192
NL06ABNA0485090953
:86:/EREF/11-11-2025 22:11 7020075403397357/TRCD/100/ORDP//NAME/MP VA
N DER HOEVEN/REMI/9069188038 7020075403397357 ZV/PURP//CD/EPAY/IS
DT/2025-11-12
:61:251112C000000000136,75N100EREF//43263970716
NL14BUNQ2112335154
:86:/EREF/11-11-2025 20:44 7020224485278578/TRCD/100/ORDP//NAME/P.P.M
. Jansen/REMI/9069032141 7020224485278578 HB/PURP//CD/EPAY/ISDT/2
025-11-12
:61:251112C000000002605,50N100EREF//43263970261
NL83BUNQ2154761712
:86:/EREF/11-11-2025 17:00 7020405688397216/TRCD/100/ORDP//NAME/K  S 
schilder en onderhoud B.V./REMI/9068597955 7020405688397216 HH/UL
TD//ID/NL76BUNQ2154759025/PURP//CD/EPAY/ISDT/2025-11-12
:61:251112C000000002622,72N100EREF//43264024280
NL55ABNA0553666355
:86:/EREF/11-11-2025 21:33 7020686582339670/TRCD/100/ORDP//NAME/MAX B
RUSSAARD CJ/REMI/9069114423 7020686582339670 KM/PURP//CD/EPAY/ISD
T/2025-11-12
:61:251112C000000000169,00N100EREF//43264168309
NL57SNSB8846367995
:86:/EREF/2025-11-11T20:03 7020854494277120/TRCD/100/ORDP//NAME/B.D. 
Bergers e/o S.W. Buijsman/REMI/9068958687 7020854494277120 EH/PUR
P//CD/EPAY/ISDT/2025-11-12
:61:251112C000000056715,71N541EREF//43264530373
SE7197810000000007308337
:86:/EREF/019a7576f4c2712284d49fa9703fb106/TRCD/541/ORDP//NAME/Klarna
 Bank AB/REMI/138133002/ISDT/2025-11-12
:61:251112C000000001181,12N541NONREF//PEIP-20251112128
NL07INGB0003918888
:86:/TRCD/541/ORDP//NAME/Hr A F de Boer/REMI/res.nr. 9900597/ISDT/202
5-11-12
:61:251112C000000000288,24N100EREF//OO9T005199252825
NL34RABO0384122450
:86:/EREF/12-11-2025 09:02 7020286282126784/TRCD/100/ORDP//NAME/M. va
n den Berg/REMI/9069774298 7020286282126784 VM xui-84629746/PURP/
/CD/EPAY/ISDT/2025-11-12
:61:251112C000000000964,27N100EREF//OO9T005199258425
NL65RABO0104890320
:86:/EREF/12-11-2025 09:04 7020705097394078/TRCD/100/ORDP//NAME/D.H.C
. Moor eo W.M.A. Moor-Olsthoorn/REMI/9069777897 7020705097394078 
SL xui-53781999/PURP//CD/EPAY/ISDT/2025-11-12
:61:251112C000000000821,40N100EREF//OO9T005199267387
NL81RABO0115714650
:86:/EREF/12-11-2025 09:07 7020986891275572/TRCD/100/ORDP//NAME/M.J.J
. Wesselink eo R.A.M. Wesselink-Tijhuis/REMI/9069785213 702098689
1275572 SR xui-27912457/PURP//CD/EPAY/ISDT/2025-11-12
:61:251112C000000000054,66N100EREF//OO9T005199278956
NL41RABO0129392758
:86:/EREF/12-11-2025 09:12 7020066594185440/TRCD/100/ORDP//NAME/R.J.W
. van Dijk eo N.E.J. van Dijk-Cleven/REMI/9069798735 702006659418
5440 VM xui-64161272/PURP//CD/EPAY/ISDT/2025-11-12
:61:251112C000000000096,00N100EREF//43264599520
NL75TRIO0379721775
:86:/EREF/11-11-25 19:39 7020596585188707/TRCD/100/ORDP//NAME/B.J. Re
ttich/REMI/9068915777 7020596585188707 MD/PURP//CD/EPAY/ISDT/2025
 11-12
:61:251112C000000001701,30N100EREF//43264597839
NL62INGB0008326063
:86:/EREF/12-11-2025 07:53 7020064785336649/TRCD/100/ORDP//NAME/Hr CA
J Boersma/REMI/9069650944 7020064785336649 VN/PURP//CD/EPAY/ISDT/
2025-11-12
:61:251112C000000000643,70N100EREF//43264597309
NL98INGB0004921297
:86:/EREF/12-11-2025 07:44 7020704794306952/TRCD/100/ORDP//NAME/Hr JM
 Valk/REMI/9069637337 7020704794306952 MD/PURP//CD/EPAY/ISDT/2025
 11-12
:61:251112C000000001408,11N100EREF//43264595012
NL25INGB0004374464
:86:/EREF/12-11-2025 07:45 7020626609334171/TRCD/100/ORDP//NAME/Mw WJ
G Depre-Hacking,Hr HLE Depre/REMI/9069638242 7020626609334171 HB/
PURP//CD/EPAY/ISDT/2025-11-12
:61:251112C000000000752,15N100EREF//43264595595
NL62INGB0008678561
:86:/EREF/12-11-2025 07:54 7020924185155629/TRCD/100/ORDP//NAME/Mw D 
H Hoexum/REMI/9069650226 7020924185155629 EP/PURP//CD/EPAY/ISDT/2
025-11-12
:61:251112C000000000336,73N100EREF//43264593057
NL52ABNA0556705807
:86:/EREF/12-11-2025 07:46 7020005985126574/TRCD/100/ORDP//NAME/PATRI
CIA PISTERS/REMI/9069639585 7020005985126574 PZ/PURP//CD/EPAY/ISD
T/2025-11-12
:61:251112C000000000250,00N100EREF//43264594277
NL12ABNA0445458003
:86:/EREF/12-11-2025 07:42 7020326309216505/TRCD/100/ORDP//NAME/ABH K
LAUCKE CJ/REMI/9069634876 7020326309216505 SR/PURP//CD/EPAY/ISDT/
2025-11-12
:61:251112C000000000150,00N100EREF//OO9T005199307351
NL93RABO0161040497
:86:/EREF/12-11-2025 09:22 7020704482365623/TRCD/100/ORDP//NAME/D. Le
ensvaar eo J.M.A. Leensvaar-Mijnster/REMI/9069823973 702070448236
5623 KV xui-17896874/PURP//CD/EPAY/ISDT/2025-11-12
:61:251112C000000000802,48N100EREF//OO9T005199305147
NL10RABO0328559245
:86:/EREF/12-11-2025 09:21 7020985703396616/TRCD/100/ORDP//NAME/I. Oo
stervelt/REMI/9069818862 7020985703396616 VM xui-46399082/PURP//C
D/EPAY/ISDT/2025-11-12
:61:251112C000000001018,38N541EREF//OO9T005199331549
NL67RABO0105191663
:86:/EREF/OO9B005199331549/PREF/OO9B005199331549/TRCD/541/ORDP//NAME/
G.G.G. van Ewijk eo E.S.A.G. van Ewijk-Voet/REMI/Reserveringsnumm
er 7432091/ISDT/2025-11-12
:61:251112C000000000178,08N100EREF//OO9T005199333613
NL26RABO0373863195
:86:/EREF/12-11-2025 09:32 7020236909246649/TRCD/100/ORDP//NAME/L. va
n den Berg eo A. Altena/REMI/9069845272 7020236909246649 EH xui-1
9735978/PURP//CD/EPAY/ISDT/2025-11-12
:61:251112C000000000250,00N541EREF//PEIP-20251112128
BE32230008165602
:86:/EREF/c623e163b65148f492e6455308aacbf5/TRCD/541/ORDP//NAME/VAN NU
ETEN ANNE/REMI/Boeking 8147378/PURP//CD/OTHR/ISDT/2025-11-12
:61:251112C000000000000,79N541NONREF//PEIP-20251112128
NL88SNSB0871633493
:86:/TRCD/541/ORDP//NAME/L. Meerhof/REMI/boeknummer 7392797/ISDT/2025
 11-12
:61:251112C000000000019,80N100EREF//OO9T005199361648
NL55RABO0370752368
:86:/EREF/12-11-2025 09:42 7020346888366052/TRCD/100/ORDP//NAME/L.G. 
van der Kaap eo J.D. van der Kaap-Hingstman/REMI/9069865335 70203
46888366052 SR xui-38404629/PURP//CD/EPAY/ISDT/2025-11-12
:61:251112C000000001042,50N100EREF//OO9T005199360557
NL34RABO0115823166
:86:/EREF/12-11-2025 09:41 7020795997276079/TRCD/100/ORDP//NAME/G.J.A
.W. Kuijpers/REMI/9069861421 7020795997276079 MD xui-98134775/PUR
P//CD/EPAY/ISDT/2025-11-12
:61:251112C000000001587,15N100EREF//OO9T005199359707
NL47RABO0384973973
:86:/EREF/12-11-2025 09:41 7020574191274333/TRCD/100/ORDP//NAME/A. Ag
terbos-de Vries eo M.J.B. Agterbos/REMI/9069865240 70205741912743
33 HH xui-92539680/PURP//CD/EPAY/ISDT/2025-11-12
:61:251112C000000000578,80N100EREF//OO9T005199377253
NL25RABO0344262014
:86:/EREF/12-11-2025 09:47 7020585103364933/TRCD/100/ORDP//NAME/P.J. 
Krieger eo K.H.M. Brinkhof/REMI/9069879530 7020585103364933 ZV xu
i-12971544/PURP//CD/EPAY/ISDT/2025-11-12
:61:251112C000000000277,40N100EREF//OO9T005199397914
NL94RABO0142416770
:86:/EREF/12-11-2025 09:54 7020426300336079/TRCD/100/ORDP//NAME/L.W.M
. Geraeds eo M. Geraeds- van Boxstel/REMI/9069895284 702042630033
6079 KV xui-86156685/PURP//CD/EPAY/ISDT/2025-11-12
:61:251112C000000000191,60N541EREF//PEIP-20251112128
NL32INGB0689089384
:86:/EREF/Boekingsnummer 1382582/TRCD/541/ORDP//NAME/Hr M A J Smulder
s en/of Mw A Smulders-Westerman/ISDT/2025-11-12
:61:251112C000000001456,50N541NONREF//PEIP-20251112128
BE55735041899944
:86:/TRCD/541/ORDP//NAME/LEYSSENS EVELIEN/REMI/5556801/ISDT/2025-11-1
2
:61:251112C000000000028,50N100EREF//OO9T005199427143
NL95RABO0364303670
:86:/EREF/12-11-2025 10:04 7020666594244174/TRCD/100/ORDP//NAME/D.E.M
. Schuurmans-Heesbeen/REMI/9069918296 7020666594244174 HB xui-985
57481/PURP//CD/EPAY/ISDT/2025-11-12
:61:251112C000000001456,50N541NONREF//PEIP-20251112128
BE55735041899944
:86:/TRCD/541/ORDP//NAME/LEYSSENS EVELIEN/REMI/5560596/ISDT/2025-11-1
2
:61:251112C000000000728,25N541NONREF//PEIP-20251112128
BE55735041899944
:86:/TRCD/541/ORDP//NAME/LEYSSENS EVELIEN/REMI/5561509/ISDT/2025-11-1
2
:61:251112C000000000571,24N100EREF//OO9T005199434797
NL83RABO0345599861
:86:/EREF/12-11-2025 10:06 7020926009215128/TRCD/100/ORDP//NAME/G.A. 
Brinkman/REMI/9069927607 7020926009215128 EH xui-79309689/PURP//C
D/EPAY/ISDT/2025-11-12
:61:251112C000000000385,20N541NONREF//PEIP-20251112128
NL29SNSB0903083604
:86:/TRCD/541/ORDP//NAME/D.G.F.M. Breuer-Heijmans/REMI/Boekingsnummer
 8563699/ISDT/2025-11-12
:61:251112C000000000542,19N100EREF//OO9T005199444477
NL13RABO0145681890
:86:/EREF/12-11-2025 10:10 7020836903185509/TRCD/100/ORDP//NAME/T. Te
rreehorst eo H.A. Adema/REMI/9069932077 7020836903185509 EH xui-9
7068068/PURP//CD/EPAY/ISDT/2025-11-12
:61:251112C000000000600,20N100EREF//OO9T005199449536
NL13RABO0349800251
:86:/EREF/12-11-2025 10:11 7020504182306532/TRCD/100/ORDP//NAME/S. Ve
nema en of N. Venema-Visser/REMI/9069940191 7020504182306532 HH x
ui-12461539/PURP//CD/EPAY/ISDT/2025-11-12
:61:251112C000000000587,40N100EREF//OO9T005199461266
NL42RABO0184536561
:86:/EREF/12-11-2025 10:15 7020494197154870/TRCD/100/ORDP//NAME/F.W.M
. La Haije eo J.C.M. de Cort/ID/17033610/REMI/9069946275 70204941
97154870 LH xui-13788140/PURP//CD/EPAY/ISDT/2025-11-12
:61:251112C000000000996,99N541EREF//OO9T005199474783
NL96RABO0300326041
:86:/EREF/OO9B005199474783/PREF/OO9B005199474783/TRCD/541/ORDP//NAME/
P.J. de Jong en-of M.J. de Jong-Stigter/REMI/9645494 reserverings
nummer/ISDT/2025-11-12
:61:251112C000000000169,00N100EREF//OO9T005199482318
NL67RABO0140740708
:86:/EREF/12-11-2025 10:22 7020524182304123/TRCD/100/ORDP//NAME/A.G.J
.L. Flikweert eo Y.M.C. Flikweert-vd. Nobelen/REMI/9069964625 702
0524182304123 KV xui-63634570/PURP//CD/EPAY/ISDT/2025-11-12
:61:251112C000000001153,60N100EREF//43264724856
NL44INGB0007876016
:86:/EREF/12-11-2025 08:23 7020626894334573/TRCD/100/ORDP//NAME/Mw C 
Fokkens,Hr C Gijsman/REMI/9069697101 7020626894334573 HH/PURP//CD
/EPAY/ISDT/2025-11-12
:61:251112C000000000992,25N100EREF//43264724769
NL56INGB0002160366
:86:/EREF/12-11-2025 08:12 7020524209366601/TRCD/100/ORDP//NAME/Mw JB
 Rouwe/REMI/9069679560 7020524209366601 KV/PURP//CD/EPAY/ISDT/202
5-11-12
:61:251112C000000000060,00N100EREF//43264722555
NL78INGB0005602888
:86:/EREF/12-11-2025 08:55 7020735994185839/TRCD/100/ORDP//NAME/Hr WJ
 Wenkenbach, Mw SS Wenkenbach-Roos/REMI/9069758068 70207359941858
39 PZ/PURP//CD/EPAY/ISDT/2025-11-12
:61:251112C000000000722,40N541EREF//43264740155
NL60INGB0681369523
:86:/EREF/BO2130148764/TRCD/541/ORDP//NAME/Stam + de Koning Bouw B.V.
/REMI/Factuur 2025.9220635/001/ISDT/2025-11-12
:61:251112C000000000030,00N100EREF//43264724573
NL94INGB0006250948
:86:/EREF/12-11-2025 08:17 7020514506275002/TRCD/100/ORDP//NAME/Mw A 
van Mechelen/REMI/9069685113 7020514506275002 LH/PURP//CD/EPAY/IS
DT/2025-11-12
:61:251112C000000001603,55N100EREF//43264724657
NL13INGB0005546052
:86:/EREF/12-11-2025 08:31 7020824194396871/TRCD/100/ORDP//NAME/Hr R 
Vader, Mw H Vader-van Bentem/REMI/9069708416 7020824194396871 EH/
PURP//CD/EPAY/ISDT/2025-11-12
:61:251112C000000000025,00N100EREF//43264727596
NL18INGB0000886082
:86:/EREF/12-11-2025 08:03 7020096885396442/TRCD/100/ORDP//NAME/Hr M 
Heunen,Mw GTHC Heunen-Dohmen/REMI/9069665355 7020096885396442 KV/
PURP//CD/EPAY/ISDT/2025-11-12
:61:251112C000000000007,62N100EREF//OO9T005199489349
NL25RABO0314079009
:86:/EREF/12-11-2025 10:24 7020865094364024/TRCD/100/ORDP//NAME/B.H.M
. Boot eo F. van de Wiel/REMI/9069970382 7020865094364024 VM xui-
92748008/PURP//CD/EPAY/ISDT/2025-11-12
:61:251112C000000000647,84N100EREF//OO9T005199486758
NL03RABO0302984836
:86:/EREF/12-11-2025 10:23 7020015406365050/TRCD/100/ORDP//NAME/C.J. 
Wilbers/REMI/9069965505 7020015406365050 HA xui-48864262/PURP//CD
/EPAY/ISDT/2025-11-12
:61:251112C000000000316,66N541NONREF//PEIP-20251112128
NL17INGB0000268986
:86:/TRCD/541/ORDP//NAME/Mw E G de Zwart/REMI/res. nr. 4075593/ISDT/2
025-11-12
:61:251112C000000000012,75N100EREF//OO9T005199505950
NL35RABO0347056598
:86:/EREF/12-11-2025 10:30 7020586306366589/TRCD/100/ORDP//NAME/D.J.G
. Olminkhof/REMI/9069984097 7020586306366589 HH xui-18027305/PURP
//CD/EPAY/ISDT/2025-11-12
:61:251112C000000000456,12N541EREF//OO9T005199525267
NL57RABO0305559796
:86:/EREF/OO9B005199525267/PREF/OO9B005199525267/TRCD/541/ORDP//NAME/
B. Ausma/REMI/9341571 vakantie park eemhof/ISDT/2025-11-12
:61:251112C000000000250,00N541EREF//OO9T005199543170
NL39RABO0158108965
:86:/EREF/OO9B005199543170/PREF/OO9B005199543170/TRCD/541/ORDP//NAME/
A.F.G.C. van Ham eo H.J.M. van Ham-Heijneman/REMI/Reserveringsnum
mer: 7209781/ISDT/2025-11-12
:61:251112C000000002683,83N541NONREF//PEIP-20251112128
NL43ABNA0521700027
:86:/TRCD/541/ORDP//NAME/PPW PALLETWERELD B V/REMI/boeking 6955258/IS
DT/2025-11-12
:61:251112C000000000028,50N100EREF//OO9T005199545883
NL08RABO0351493670
:86:/EREF/12-11-2025 10:43 7020314209396859/TRCD/100/ORDP//NAME/B. va
n den Brink/REMI/9070012784 7020314209396859 HB xui-98610415/PURP
//CD/EPAY/ISDT/2025-11-12
:61:251112C000000000454,48N100EREF//OO9T005199555772
NL57RABO0147397707
:86:/EREF/12-11-2025 10:46 7020156303335326/TRCD/100/ORDP//NAME/R.B. 
de Hoogt/REMI/9070021827 7020156303335326 SL xui-57769188/PURP//C
D/EPAY/ISDT/2025-11-12
:61:251112C000000000570,40N541EREF//PEIP-20251112128
BE96390066081105
:86:/EREF/5867eca7a6d842d8b89f12ece42b7d76/TRCD/541/ORDP//NAME/DE H E
N MEVR JORIS VAN DE WALLE HUYSVELD/REMI/4441000/PURP//CD/OTHR/ISD
T/2025-11-12
:61:251112C000000000350,95N100EREF//OO9T005199575603
NL06RABO0376831561
:86:/EREF/12-11-2025 10:52 7020885997214213/TRCD/100/ORDP//NAME/F.G. 
Appelman eo J.G.M. Appelman-Berkhout/REMI/9070036320 702088599721
4213 KV xui-96636163/PURP//CD/EPAY/ISDT/2025-11-12
:61:251112C000000000055,00N100EREF//43264826249
NL48ABNA0581615964
:86:/EREF/12-11-2025 08:09 7020355397125770/TRCD/100/ORDP//NAME/J C B
IJLSMA CJ/REMI/9069674487 7020355397125770 SR/PURP//CD/EPAY/ISDT/
2025-11-12
:61:251112C000000001023,04N100EREF//43264689245
NL91ABNA0822920441
:86:/EREF/12-11-2025 07:59 7020744800246157/TRCD/100/ORDP//NAME/DUIN 
J VAN CJ/REMI/9069658854 7020744800246157 SR/PURP//CD/EPAY/ISDT/2
025-11-12
:61:251112C000000000484,80N100EREF//43264689258
NL73ABNA0547372477
:86:/EREF/12-11-2025 08:32 7020006894186556/TRCD/100/ORDP//NAME/SHW D
E VISSER CJ/REMI/9069708420 7020006894186556 MD/PURP//CD/EPAY/ISD
T/2025-11-12
:61:251112C000000000021,00N100EREF//43264825934
NL19ABNA0626206707
:86:/EREF/12-11-2025 08:22 7020476006394069/TRCD/100/ORDP//NAME/JVD S
PEETJENS/REMI/9069697291 7020476006394069 HB/PURP//CD/EPAY/ISDT/2
025-11-12
:61:251112C000000013581,22N541EREF//43264834691
NL98DEUT0265294304
:86:/EREF/AMEXSCT95301676752531405320000945C0/TRCD/541/ORDP//NAME/AME
RICAN EXPRESS PAYMENTS EUROPE/REMI/AMEX/SE9530167675/DT289/GR1396
5.26/DI-384.04/CENTER PARCS EUROPE N V//ISDT/2025-11-12
:61:251112C000000000377,63N541EREF//43264835405
NL98DEUT0265294304
:86:/EREF/AMEXSCT95302039752531405320001061C0/TRCD/541/ORDP//NAME/AME
RICAN EXPRESS PAYMENTS EUROPE/REMI/AMEX/SE9530203975/DT289/GR387.
12/DI-9.49/CENTRE PARCS EUROPE N V//ISDT/2025-11-12
:61:251112C000000000455,30N541EREF//43264835548
NL98DEUT0265294304
:86:/EREF/AMEXSCT95302044862531405320001063C0/TRCD/541/ORDP//NAME/AME
RICAN EXPRESS PAYMENTS EUROPE/REMI/AMEX/SE9530204486/DT289/GR466.
74/DI-11.44/CENTRE PARCS EUROPE N V//ISDT/2025-11-12
:61:251112C000000000119,40N100EREF//OO9T005199588732
NL83RABO0104923849
:86:/EREF/12-11-2025 10:56 7020044782274600/TRCD/100/ORDP//NAME/R.H.L
. Dijcks/ID/84806893/REMI/9070046765 7020044782274600 LH xui-9668
6159/PURP//CD/EPAY/ISDT/2025-11-12
:61:251112C000000000152,00N100EREF//OO9T005199594940
NL18RABO0171637933
:86:/EREF/12-11-2025 10:58 7020654494305485/TRCD/100/ORDP//NAME/J.O. 
de Bruin eo Y.P.A. de Bruin-de Groot/REMI/9070052792 702065449430
5485 KV xui-54462236/PURP//CD/EPAY/ISDT/2025-11-12
:61:251112C000000000536,80N100EREF//OO9T005199609775
NL87RABO0340780053
:86:/EREF/12-11-2025 11:03 7020015085246994/TRCD/100/ORDP//NAME/A. Ar
fman-Huisken/REMI/9070060655 7020015085246994 ZV xui-95333645/PUR
P//CD/EPAY/ISDT/2025-11-12
:61:251112C000000000255,30N100EREF//OO9T005199614770
NL19RABO0105741353
:86:/EREF/12-11-2025 11:04 7020416609366340/TRCD/100/ORDP//NAME/T.M. 
Rikken/REMI/9070067758 7020416609366340 KV xui-69575408/PURP//CD/
EPAY/ISDT/2025-11-12
:61:251112C000000000339,60N100EREF//OO9T005199624036
NL76RABO0112798144
:86:/EREF/12-11-2025 11:07 7020546591215725/TRCD/100/ORDP//NAME/P.A.J
.C. Albers eo D.H.T. Albers-van Oijen/REMI/9070079224 70205465912
15725 ZV xui-88163556/PURP//CD/EPAY/ISDT/2025-11-12
:61:251112C000000000775,16N100EREF//OO9T005199631656
NL20RABO0115218041
:86:/EREF/12-11-2025 11:10 7020746882306469/TRCD/100/ORDP//NAME/J.C.M
. Bosters eo M. Bosters-Christ/ID/56356447/REMI/9070075869 702074
6882306469 VN xui-24955417/PURP//CD/EPAY/ISDT/2025-11-12
:61:251112C000000000293,60N100EREF//OO9T005199647117
NL28RABO0329756192
:86:/EREF/12-11-2025 11:14 7020296306364885/TRCD/100/ORDP//NAME/M. He
sterman eo R.R.G. Kuin/REMI/9070097589 7020296306364885 ZV xui-55
095264/PURP//CD/EPAY/ISDT/2025-11-12
:61:251112C000000000549,04N100EREF//43264869405
NL89INGB0006638068
:86:/EREF/12-11-2025 09:29 7020984782275476/TRCD/100/ORDP//NAME/Mw T 
van Dinter en/of Hr T de Graaf/REMI/9069838006 7020984782275476 Z
V/PURP//CD/EPAY/ISDT/2025-11-12
:61:251112C000000000183,00N100EREF//43264869278
NL16INGB0797147284
:86:/EREF/12-11-2025 09:26 7020496897156103/TRCD/100/ORDP//NAME/Mw JT
R Bergman,Hr V van Dusseldorp/REMI/9069828420 7020496897156103 KV
/PURP//CD/EPAY/ISDT/2025-11-12
:61:251112C000000000691,75N100EREF//43264932644
NL66INGB0007911704
:86:/EREF/12-11-2025 09:42 7020334485215290/TRCD/100/ORDP//NAME/Hr R 
J van Moll/REMI/9069865395 7020334485215290 HH/PURP//CD/EPAY/ISDT
/2025-11-12
:61:251112C000000000658,25N541EREF//43264932314
NL92INGB0001334151
:86:/EREF/15125315000156620/TRCD/541/ORDP//NAME/Mw JC Verhaar-Houtmey
ers/REMI/RES 9503101 16/1 TM 19/1/ISDT/2025-11-12
:61:251112C000000000380,20N100EREF//43264956477
NL81INGB0001052273
:86:/EREF/12-11-2025 09:35 7020066888186868/TRCD/100/ORDP//NAME/Hr E 
Schuring/REMI/9069845121 7020066888186868 EH/PURP//CD/EPAY/ISDT/2
025-11-12
:61:251112C000000000730,32N100EREF//43264955948
NL43INGB0009691389
:86:/EREF/12-11-2025 09:30 7020066003155707/TRCD/100/ORDP//NAME/Mw S 
Martens/REMI/9069837009 7020066003155707 EH/PURP//CD/EPAY/ISDT/20
25-11-12
:61:251112C000000000007,80N100EREF//43264936462
NL74INGB0007532290
:86:/EREF/12-11-2025 09:06 7020195103306493/TRCD/100/ORDP//NAME/Hr H 
van der Star/REMI/9069786831 7020195103306493 EP/PURP//CD/EPAY/IS
DT/2025-11-12
:61:251112C000000000945,15N541NONREF//PEIP-20251112128
NL92INGB0101557752
:86:/TRCD/541/ORDP//NAME/Hr JTJM Brouns,Mw EPF Brouns/REMI/2de betali
ng reservering: 790494/ISDT/2025-11-12
:61:251112C000000000343,84N541NONREF//PEIP-20251112128
NL32INGB0002897998
:86:/TRCD/541/ORDP//NAME/Hr G Sernee en/of Mw M B Sernee-Kroon/REMI/6
770082/ISDT/2025-11-12
:61:251112C000000001292,90N100EREF//OO9T005199703721
NL84RABO0394750810
:86:/EREF/12-11-2025 11:32 7020194197305695/TRCD/100/ORDP//NAME/Jimme
 Teunis Wikkerink/REMI/9070140070 7020194197305695 LH xui-3567080
9/PURP//CD/EPAY/ISDT/2025-11-12
:61:251112C000000000349,74N100EREF//OO9T005199702652
NL35RABO0104895128
:86:/EREF/12-11-2025 11:32 7020485988185284/TRCD/100/ORDP//NAME/M.O.A
.H. Leijendeckers/REMI/9070140160 7020485988185284 PZ xui-9549608
3/PURP//CD/EPAY/ISDT/2025-11-12
:61:251112C000000000988,12N100EREF//OO9T005199710156
NL85RABO0113952767
:86:/EREF/12-11-2025 11:34 7020405700245455/TRCD/100/ORDP//NAME/J.A. 
Snel eo R. van Dam/REMI/9070143877 7020405700245455 PZ xui-728664
11/PURP//CD/EPAY/ISDT/2025-11-12
:61:251112C000000000670,03N541NONREF//PEIP-20251112128
NL66ABNA0477853188
:86:/TRCD/541/ORDP//NAME/TM VD VOET PIETERS CJ/REMI/reservering 66565
69/ISDT/2025-11-12
:61:251112C000000000995,38N541EREF//OO9T005199755431
NL24RABO0112797334
:86:/EREF/OO9B005199755431/PREF/OO9B005199755431/TRCD/541/ORDP//NAME/
A.J. van Suilen eo E.A.M.P. van Suilen-Croonen/REMI/reserveringsn
ummer 5690806/ISDT/2025-11-12
:61:251112C000000000480,00N100EREF//OO9T005199775832
NL27RABO0120344947
:86:/EREF/12-11-2025 11:53 7020985985304660/TRCD/100/ORDP//NAME/R. va
n Holsteijn eo E.A.M. Laurijssen/REMI/9070191820 7020985985304660
 ZV xui-99992270/PURP//CD/EPAY/ISDT/2025-11-12
:61:251112C000000000513,80N100EREF//OO9T005199782529
NL27RABO0120344947
:86:/EREF/12-11-2025 11:55 7020745694365002/TRCD/100/ORDP//NAME/R. va
n Holsteijn eo E.A.M. Laurijssen/REMI/9070201904 7020745694365002
 ZV xui-99992270/PURP//CD/EPAY/ISDT/2025-11-12
:61:251112C000000000360,04N100EREF//OO9T005199791808
NL46RABO0104114274
:86:/EREF/12-11-2025 11:58 7020265994335455/TRCD/100/ORDP//NAME/J.W.M
. van Lijssel/REMI/9070206218 7020265994335455 SL xui-81388767/PU
RP//CD/EPAY/ISDT/2025-11-12
:61:251112C000000000323,40N100EREF//43265051549
NL32ABNA0589048392
:86:/EREF/12-11-2025 09:25 7020926903244339/TRCD/100/ORDP//NAME/JJ KA
LLENDORF/REMI/9069829730 7020926903244339 KV/PURP//CD/EPAY/ISDT/2
025-11-12
:61:251112C000000000681,80N100EREF//43265050282
NL26ABNA0439665590
:86:/EREF/12-11-2025 09:27 7020615994366115/TRCD/100/ORDP//NAME/F SCH
ERPENISSE CJ/REMI/9069834193 7020615994366115 VM/PURP//CD/EPAY/IS
DT/2025-11-12
:61:251112C000000000439,65N100EREF//43265054633
NL90ABNA0814650627
:86:/EREF/12-11-2025 09:44 7020635685215086/TRCD/100/ORDP//NAME/KAMAN
 W E/REMI/9069865492 7020635685215086 MD/PURP//CD/EPAY/ISDT/2025-
11-12
:61:251112C000000000658,48N100EREF//43265054715
NL58ABNA0425768309
:86:/EREF/12-11-2025 09:57 7020686300395215/TRCD/100/ORDP//NAME/F TER
 HARMSEL CJ/REMI/9069902914 7020686300395215 VM/PURP//CD/EPAY/ISD
T/2025-11-12
:61:251112C000000000455,65N100EREF//43265052378
NL15ABNA0548982945
:86:/EREF/12-11-2025 09:40 7020895709245281/TRCD/100/ORDP//NAME/H DE 
GROOT CJ/REMI/9069863615 7020895709245281 VM/PURP//CD/EPAY/ISDT/2
025-11-12
:61:251112C000000000303,75N100EREF//43265061244
NL14BUNQ2112335154
:86:/EREF/12-11-2025 10:11 7020736282126106/TRCD/100/ORDP//NAME/P.P.M
. Jansen/REMI/9069939627 7020736282126106 HB/PURP//CD/EPAY/ISDT/2
025-11-12
:61:251112C000000000607,00N100EREF//43265066793
NL57REVO9229220248
:86:/EREF/12-11-2025 09:45 7020795085365755/TRCD/100/ORDP//NAME/Jonat
han Levison/REMI/9070016774 7020795085365755 EH/PURP//CD/EPAY/ISD
T/2025-11-12
:61:251112C000000001643,76N100EREF//43265039493
NL39ABNA0593474473
:86:/EREF/12-11-2025 09:17 7020106588125914/TRCD/100/ORDP//NAME/RR VA
N DIJK CJ/REMI/9069808304 7020106588125914 HH/PURP//CD/EPAY/ISDT/
2025-11-12
:61:251112C000000000051,70N100EREF//OO9T005199804939
NL72RABO0176933646
:86:/EREF/12-11-2025 12:02 7020566903246025/TRCD/100/ORDP//NAME/M.A.H
.A. Caris eo A.H.G. Caris-Geelen/REMI/9070215304 7020566903246025
 KV xui-15243076/PURP//CD/EPAY/ISDT/2025-11-12
:61:251112C000000001232,50N541EREF//PEIP-20251112128
NL40INGB0004192222
:86:/EREF/familie stoffer/TRCD/541/ORDP//NAME/Mw MTJ Stoffer-Kruyk/RE
MI/5651481/ISDT/2025-11-12
:61:251112C000000000573,50N100EREF//OO9T005199841546
NL47RABO0131684760
:86:/EREF/12-11-2025 12:13 7020375397215035/TRCD/100/ORDP//NAME/M.W.M
.L. Reedijk/REMI/9070243320 7020375397215035 KV xui-17226207/PURP
//CD/EPAY/ISDT/2025-11-12
:61:251112C000000000013,56N100EREF//OO9T005199856441
NL95RABO0347872549
:86:/EREF/12-11-2025 12:17 7020836006394555/TRCD/100/ORDP//NAME/W. Do
kter/REMI/9070252789 7020836006394555 EH xui-25529017/PURP//CD/EP
AY/ISDT/2025-11-12
:61:251112C000000000700,36N100EREF//OO9T005199854492
NL30RABO0190531959
:86:/EREF/12-11-2025 12:17 7020524791334051/TRCD/100/ORDP//NAME/I.C.E
. Buijze eo B.F.J. Kroes/REMI/9070251442 7020524791334051 HA xui-
62621326/PURP//CD/EPAY/ISDT/2025-11-12
:61:251112C000000000012,60N100EREF//43265105100
NL74INGB0009548823
:86:/EREF/12-11-2025 10:42 7020374188124753/TRCD/100/ORDP//NAME/Hr C 
L de Kok en/of Mw H de Kok-Hopman/REMI/9070009946 702037418812475
3 HB/PURP//CD/EPAY/ISDT/2025-11-12
:61:251112C000000000358,32N100EREF//43265138634
NL77INGB0005152923
:86:/EREF/12-11-2025 10:45 7020866000336718/TRCD/100/ORDP//NAME/Mw LJ
H Rach, Hr CH van der Kooye/REMI/9070017298 7020866000336718 EH/P
URP//CD/EPAY/ISDT/2025-11-12
:61:251112C000000000357,20N100EREF//43265137872
NL24INGB0653586655
:86:/EREF/12-11-2025 10:56 7020184500335236/TRCD/100/ORDP//NAME/Hr PG
 Hofland, Mw J Willemsen/REMI/9070045307 7020184500335236 HH/PURP
//CD/EPAY/ISDT/2025-11-12
:61:251112C000000000327,80N100EREF//43265109492
NL32INGB0007793685
:86:/EREF/12-11-2025 10:28 7020375985126217/TRCD/100/ORDP//NAME/Mw MS
 Bidesie/REMI/9069975668 7020375985126217 HB/PURP//CD/EPAY/ISDT/2
025-11-12
:61:251112C000000000810,36N100EREF//43265107789
NL48INGB0001046077
:86:/EREF/12-11-2025 10:11 7020574182306427/TRCD/100/ORDP//NAME/N G S
wart/REMI/9069938809 7020574182306427 EH/PURP//CD/EPAY/ISDT/2025-
11-12
:61:251112C000000000654,16N100EREF//43265108234
NL85INGB0008553308
:86:/EREF/12-11-2025 10:16 7020095397277000/TRCD/100/ORDP//NAME/Mw JM
 Blanker/REMI/9069947939 7020095397277000 EH/PURP//CD/EPAY/ISDT/2
025-11-12
:61:251112C000000001168,80N100EREF//43265153817
NL76INGB0007918120
:86:/EREF/12-11-2025 10:38 7020024797394453/TRCD/100/ORDP//NAME/Mw CG
A van Heck/REMI/9070000408 7020024797394453 PZ/PURP//CD/EPAY/ISDT
/2025-11-12
:61:251112C000000000509,20N100EREF//43265152791
NL56INGB0718056159
:86:/EREF/12-11-2025 10:37 7020595400306331/TRCD/100/ORDP//NAME/Hr JB
 van den Burg,Mw JMPM van Es/REMI/9069997805 7020595400306331 HH/
PURP//CD/EPAY/ISDT/2025-11-12
:61:251112C000000000764,48N100EREF//43265103139
NL03INGB0008453613
:86:/EREF/12-11-2025 10:36 7020396000216253/TRCD/100/ORDP//NAME/Hr R 
J Stumpe/REMI/9069992954 7020396000216253 MD/PURP//CD/EPAY/ISDT/2
025-11-12
:61:251112C000000000013,20N541EREF//OO9T005199917056
NL84RABO0331819635
:86:/EREF/OO9B005199917056/PREF/OO9B005199917056/TRCD/541/ORDP//NAME/
H.H. van der Plas eo M.J. vd Plas- van der Plas/REMI/Reserverings
nummer 8982963/ISDT/2025-11-12
:61:251112C000000000721,91N100EREF//OO9T005199939855
NL28RABO0329377795
:86:/EREF/12-11-2025 12:42 7020496300246055/TRCD/100/ORDP//NAME/E.M.C
. Leurs eo N. Elshof/REMI/9070313255 7020496300246055 SL xui-8340
7380/PURP//CD/EPAY/ISDT/2025-11-12
:61:251112C000000000021,00N100EREF//OO9T005199941985
NL28RABO0374722579
:86:/EREF/12-11-2025 12:43 7020396291215611/TRCD/100/ORDP//NAME/F.D. 
Groot Nibbelink eo C.K. Groot Nibbelink-Sevink/REMI/9070315033 70
20396291215611 HB xui-51127706/PURP//CD/EPAY/ISDT/2025-11-12
:61:251112C000000000363,80N100EREF//OO9T005199942117
NL94RABO0359931510
:86:/EREF/12-11-2025 12:43 7020426888364534/TRCD/100/ORDP//NAME/T. Di
jkhuizen/REMI/9070315025 7020426888364534 HB xui-58724761/PURP//C
D/EPAY/ISDT/2025-11-12
:61:251112C000000000577,30N100EREF//OO9T005199972519
NL77RABO0350598282
:86:/EREF/12-11-2025 12:51 7020584494154792/TRCD/100/ORDP//NAME/E. Ma
rtens/REMI/9070329405 7020584494154792 HB xui-89665305/PURP//CD/E
PAY/ISDT/2025-11-12
:61:251112C000000000736,24N541NONREF//PEIP-20251112128
NL17INGB0673956393
:86:/TRCD/541/ORDP//NAME/Hr J Leuvekamp, Mw MA Leuvekamp-Landzaad/REM
I/6150674/ISDT/2025-11-12
:61:251112C000000000018,00N100EREF//43265268111
NL22ABNA0433523816
:86:/EREF/12-11-2025 10:14 7020066006276616/TRCD/100/ORDP//NAME/W R V
AN DIJK/REMI/9069943557 7020066006276616 KV/PURP//CD/EPAY/ISDT/20
25-11-12
:61:251112C000000000399,80N100EREF//43265268260
NL59ABNA0574335722
:86:/EREF/12-11-2025 10:43 7020404797244426/TRCD/100/ORDP//NAME/G J T
IJINK/REMI/9070012738 7020404797244426 HH/PURP//CD/EPAY/ISDT/2025
 11-12
:61:251112C000000000189,92N100EREF//OO9T005199988236
NL11RABO0304729043
:86:/EREF/12-11-2025 12:56 7020356600214531/TRCD/100/ORDP//NAME/S.A. 
van Dijken eo H.J. van Dijken-Adelerhof/REMI/9070347293 702035660
0214531 KV xui-73160719/PURP//CD/EPAY/ISDT/2025-11-12
:61:251112C000000000625,50N100EREF//OO9T005199985461
NL61RABO0304893625
:86:/EREF/12-11-2025 12:55 7020865703394237/TRCD/100/ORDP//NAME/J. Bo
er Yachtpainting/REMI/9070346428 7020865703394237 KV xui-66510618
/PURP//CD/EPAY/ISDT/2025-11-12
:61:251112C000000000332,40N100EREF//OO9T005199987520
NL97RABO0152918906
:86:/EREF/12-11-2025 12:56 7020915697184021/TRCD/100/ORDP//NAME/R. Ho
fman/REMI/9070346503 7020915697184021 KV xui-16205769/PURP//CD/EP
AY/ISDT/2025-11-12
:61:251112C000000000059,00N100EREF//OO9T005199992791
NL06RABO0376831561
:86:/EREF/12-11-2025 12:57 7020546897245209/TRCD/100/ORDP//NAME/F.G. 
Appelman eo J.G.M. Appelman-Berkhout/REMI/9070351788 702054689724
5209 KV xui-96636163/PURP//CD/EPAY/ISDT/2025-11-12
:61:251112C000000000043,50N100EREF//OO9T005199992951
NL07RABO0109468503
:86:/EREF/12-11-2025 12:57 7020584794396415/TRCD/100/ORDP//NAME/R.D. 
van Bommel eo S. van Duin/REMI/9070349477 7020584794396415 HB xui
 72767431/PURP//CD/EPAY/ISDT/2025-11-12
:61:251112C000000000285,60N100EREF//OO9T005199994000
NL09RABO0323380530
:86:/EREF/12-11-2025 12:58 7020355106154957/TRCD/100/ORDP//NAME/A. va
n Dongen/REMI/9070352632 7020355106154957 LH xui-20998731/PURP//C
D/EPAY/ISDT/2025-11-12
:61:251112C000000000618,24N100EREF//43265267204
NL17ABNA0629151857
:86:/EREF/12-11-2025 10:19 7020585694215812/TRCD/100/ORDP//NAME/S N C
OLVILLE/REMI/9069953976 7020585694215812 EH/PURP//CD/EPAY/ISDT/20
25-11-12
:61:251112C000000000658,88N100EREF//43265260214
NL77SNSB0864805667
:86:/EREF/2025-11-12T08:21 7020824200126292/TRCD/100/ORDP//NAME/A.M.H
. Donders/REMI/9069692857 7020824200126292 VN/PURP//CD/EPAY/ISDT/
2025-11-12
:61:251112C000000001185,43N100EREF//43265270069
NL46ABNA0547817126
:86:/EREF/12-11-2025 10:35 7020194788306586/TRCD/100/ORDP//NAME/H K B
RUINES/REMI/9069992339 7020194788306586 EH/PURP//CD/EPAY/ISDT/202
5-11-12
:61:251112C000000000269,60N100EREF//43265266010
NL47KNAB0259945188
:86:/EREF/2025-11-12T09:48 7020215697154183/TRCD/100/ORDP//NAME/Trijn
ie Hagebeuk - van Don/REMI/9070024474 7020215697154183 ZV/PURP//C
D/EPAY/ISDT/2025-11-12
:61:251112C000000000155,75N100EREF//43265265250
NL93KNAB0409386731
:86:/EREF/2025-11-12T09:30 7020704785306814/TRCD/100/ORDP//NAME/Nina 
Tekent/REMI/9069985494 7020704785306814 HB/PURP//CD/EPAY/ISDT/202
5-11-12
:61:251112C000000000432,48N100EREF//43265263721
NL02ABNA0547596855
:86:/EREF/12-11-2025 10:55 7020776009244639/TRCD/100/ORDP//NAME/MICHE
L VROEGINDEWEIJ/REMI/9070040766 7020776009244639 PZ/PURP//CD/EPAY
/ISDT/2025-11-12
:61:251112C000000000515,40N100EREF//43265263758
NL09ABNA0128493194
:86:/EREF/12-11-2025 10:17 7020266597366478/TRCD/100/ORDP//NAME/KATHE
RINE WALSH SPORTHOR/REMI/9069950107 7020266597366478 MD/PURP//CD/
EPAY/ISDT/2025-11-12
:61:251112C000000000839,80N100EREF//OO9T005200012684
NL41RABO0328030813
:86:/EREF/12-11-2025 13:03 7020505382334846/TRCD/100/ORDP//NAME/C.H. 
van Oort eo P. van Oort-van Ommeren/REMI/9070363383 7020505382334
846 HB xui-43095917/PURP//CD/EPAY/ISDT/2025-11-12
:61:251112C000000000631,80N100EREF//OO9T005200011401
NL92RABO0100935532
:86:/EREF/12-11-2025 13:03 7020595103126613/TRCD/100/ORDP//NAME/R. Za
nders eo S.G.B. Zanders-Smeets/REMI/9070365556 7020595103126613 M
D xui-10166425/PURP//CD/EPAY/ISDT/2025-11-12
:61:251112C000000000026,00N100EREF//OO9T005200018488
NL28RABO0379738449
:86:/EREF/12-11-2025 13:05 7020015982124978/TRCD/100/ORDP//NAME/S.E. 
Hummel eo Y. Heijs/REMI/9070370860 7020015982124978 EH xui-354692
52/PURP//CD/EPAY/ISDT/2025-11-12
:61:251112C000000000531,80N541NONREF//PEIP-20251112128
NL74INGB0774315350
:86:/TRCD/541/ORDP//NAME/Mw A van Vliet,Hr BL van Vliet/REMI/7080804/
ISDT/2025-11-12
:61:251112C000000000474,00N100EREF//OO9T005200060071
NL32RABO0108837068
:86:/EREF/12-11-2025 13:17 7020244182155758/TRCD/100/ORDP//NAME/J.J.C
. Schuller/REMI/9070401140 7020244182155758 TH xui-65035888/PURP/
/CD/EPAY/ISDT/2025-11-12
:61:251112C000000000373,20N100EREF//43265338740
NL64INGB0008358037
:86:/EREF/12-11-2025 11:39 7020336597125260/TRCD/100/ORDP//NAME/Hr TH
B Tangelder/REMI/9070158888 7020336597125260 HB/PURP//CD/EPAY/ISD
T/2025-11-12
:61:251112C000000001301,60N100EREF//OO9T005200071089
NL16RABO0139019391
:86:/EREF/12-11-2025 13:21 7020516582124186/TRCD/100/ORDP//NAME/C.G.M
. de Jaeger-Fleer eo R.F. de Jaeger/REMI/9070408044 7020516582124
186 HH xui-76796572/PURP//CD/EPAY/ISDT/2025-11-12
:61:251112C000000000250,00N541EREF//OO9T005200076242
NL13RABO0383813786
:86:/EREF/OO9B005200076242/PREF/OO9B005200076242/TRCD/541/ORDP//NAME/
N.A. Verkruijsse/REMI/Reserveringsnummer 6468886 Verkruijsse/ISDT
/2025-11-12
:61:251112C000000000716,00N100EREF//OO9T005200099228
NL26RABO0326277420
:86:/EREF/12-11-2025 13:29 7020686297395788/TRCD/100/ORDP//NAME/J. Zi
jlstra en/of H.C.P. Zijlstra - Rutten/REMI/9070426414 70206862973
95788 ZV xui-10233518/PURP//CD/EPAY/ISDT/2025-11-12
:61:251112C000000000064,00N100EREF//43265382013
NL47INGB0688180418
:86:/EREF/12-11-2025 11:13 7020806006125434/TRCD/100/ORDP//NAME/Mw DA
 Paruch,Mw K Olszewska/REMI/9070091822 7020806006125434 LH/PURP//
CD/EPAY/ISDT/2025-11-12
:61:251112C000000000715,68N100EREF//43265382455
NL55INGB0689068212
:86:/EREF/12-11-2025 11:14 7020394485396625/TRCD/100/ORDP//NAME/Hr A 
Jonker e/o Mw M C J E Jonker-van Beelen/REMI/9070093030 702039448
5396625 KV/PURP//CD/EPAY/ISDT/2025-11-12
:61:251112C000000001814,12N100EREF//43265396479
NL37INGB0006300765
:86:/EREF/12-11-2025 11:47 7020475109155965/TRCD/100/ORDP//NAME/Mw KJ
T van der Burg, Hr FGM Krom/REMI/9070180956 7020475109155965 EH/P
URP//CD/EPAY/ISDT/2025-11-12
:61:251112C000000000393,10N100EREF//43265397677
NL23INGB0104644273
:86:/EREF/12-11-2025 11:20 7020664803366697/TRCD/100/ORDP//NAME/Mw D 
van der Stoop/REMI/9070111605 7020664803366697 HH/PURP//CD/EPAY/I
SDT/2025-11-12
:61:251112C000000000451,20N100EREF//43265397061
NL41INGB0002759417
:86:/EREF/12-11-2025 11:37 7020565394394975/TRCD/100/ORDP//NAME/Hr J 
Buisman/REMI/9070152540 7020565394394975 ZV/PURP//CD/EPAY/ISDT/20
25-11-12
:61:251112C000000000152,22N100EREF//43265386992
NL02INGB0008904584
:86:/EREF/12-11-2025 11:04 7020486909186598/TRCD/100/ORDP//NAME/Hr MJ
 de Boer/REMI/9070066280 7020486909186598 AR/PURP//CD/EPAY/ISDT/2
025-11-12
:61:251112C000000000796,80N100EREF//OO9T005200119343
NL81RABO0397225334
:86:/EREF/12-11-2025 13:35 7020685385154270/TRCD/100/ORDP//NAME/W. de
n Toom eo D. den Toom-Haasakker/REMI/9070443857 7020685385154270 
EP xui-70708738/PURP//CD/EPAY/ISDT/2025-11-12
:61:251112C000000000393,32N100EREF//OO9T005200129054
NL23RABO0129250201
:86:/EREF/12-11-2025 13:39 7020866891334192/TRCD/100/ORDP//NAME/N.J. 
Schlichting/REMI/9070449306 7020866891334192 VM xui-72130122/PURP
//CD/EPAY/ISDT/2025-11-12
:61:251112C000000000506,24N100EREF//OO9T005200153423
NL98RABO0140079289
:86:/EREF/12-11-2025 13:46 7020135991364105/TRCD/100/ORDP//NAME/R.E. 
Oomen eo A.K. Hoogeveen/REMI/9070469302 7020135991364105 EH xui-8
8702059/PURP//CD/EPAY/ISDT/2025-11-12
:61:251112C000000000879,21N541NONREF//PEIP-20251112128
NL33ASNB0267290179
:86:/TRCD/541/ORDP//NAME/T. Agterberg e/o F.M.E. Offenberg/REMI/37133
79/ISDT/2025-11-12
:61:251112C000000000168,40N100EREF//43265357821
NL12RBRB0931019397
:86:/EREF/2025-11-12T09:29 7020574191244984/TRCD/100/ORDP//NAME/J.J.W
.G. van Schijndel/REMI/9069837529 7020574191244984 EP/PURP//CD/EP
AY/ISDT/2025-11-12
:61:251112C000000000390,32N100EREF//43265359863
NL56ABNA0523847858
:86:/EREF/12-11-2025 11:07 7020406609124483/TRCD/100/ORDP//NAME/NICOL
AS M S OPDAM/REMI/9070076248 7020406609124483 EH/PURP//CD/EPAY/IS
DT/2025-11-12
:61:251112C000000000418,74N100EREF//43265450330
NL67ABNA0418257728
:86:/EREF/12-11-2025 11:20 7020674797154261/TRCD/100/ORDP//NAME/JUSTU
S BOOR/REMI/9070109178 7020674797154261 HE/PURP//CD/EPAY/ISDT/202
5-11-12
:61:251112C000000000715,02N100EREF//43265458550
NL22ABNA0549005129
:86:/EREF/12-11-2025 11:53 7020616306155578/TRCD/100/ORDP//NAME/MCA L
EIJDEKKERS/REMI/9070194430 7020616306155578 PZ/PURP//CD/EPAY/ISDT
/2025-11-12
:61:251112C000000000004,95N100EREF//43265451067
NL60ABNA0438673638
:86:/EREF/12-11-2025 11:41 7020045409154519/TRCD/100/ORDP//NAME/A O S
CHEERS CJ/REMI/9070164980 7020045409154519 VN/PURP//CD/EPAY/ISDT/
2025-11-12
:61:251112C000000000070,00N100EREF//43265450514
NL88ABNA0416959296
:86:/EREF/12-11-2025 11:14 7020046600276286/TRCD/100/ORDP//NAME/T A W
 A M DERKS CJ/REMI/9070096247 7020046600276286 ZV/PURP//CD/EPAY/I
SDT/2025-11-12
:61:251112C000000001682,60N100EREF//43265358873
NL77ABNA0423063413
:86:/EREF/12-11-2025 11:23 7020746891216193/TRCD/100/ORDP//NAME/CAMPI
NG WADDENZEE/REMI/9070116742 7020746891216193 EP/PURP//CD/EPAY/IS
DT/2025-11-12
:61:251112C000000000560,72N100EREF//43265470336
NL30ABNA0980041945
:86:/EREF/12-11-2025 11:27 7020825700364750/TRCD/100/ORDP//NAME/GOOTJ
ES L/REMI/9070125325 7020825700364750 ZV/PURP//CD/EPAY/ISDT/2025-
11-12
:61:251112C000000000223,16N100EREF//43265470518
NL90ABNA0478045980
:86:/EREF/12-11-2025 11:45 7020696303335947/TRCD/100/ORDP//NAME/VICTO
RIA SAMOEDJ/REMI/9070175025 7020696303335947 VM/PURP//CD/EPAY/ISD
T/2025-11-12
:61:251112C000000000868,77N541NONREF//43265484435
BE95750604532858
:86:/TRCD/541/ORDP//NAME/Mevr. Liliane Bos/REMI/Boekingnr 6723132/ISD
T/2025-11-12
:61:251112C000000000629,30N541NONREF//43265484904
BE94750642406914
:86:/TRCD/541/ORDP//NAME/Dhr. Seppe Konings/REMI/6007068/ISDT/2025-11
 12
:61:251112C000000000017,78N100EREF//OO9T005200197973
NL16RABO0315390417
:86:/EREF/12-11-2025 14:00 7020214206245506/TRCD/100/ORDP//NAME/R. de
 Jong eo M.M.B. de Jong-Bruijns/REMI/9070504127 7020214206245506 
VM xui-50922127/PURP//CD/EPAY/ISDT/2025-11-12
:61:251112C000000000679,80N541EREF//OO9T005200207893
NL21RABO0105389110
:86:/EREF/OO9B005200207893/PREF/OO9B005200207893/TRCD/541/ORDP//NAME/
M.B. van de Giessen eo E.J. van de Giessen/REMI/7719558 Reserveri
ng nummer fam vd Giessen/ISDT/2025-11-12
:61:251112C000000000915,96N541NONREF//PEIP-20251112128
NL75INGB0005253451
:86:/TRCD/541/ORDP//NAME/Hr I W M R ter Elst/REMI/4293378/ISDT/2025-1
1-12
:61:251112C000000000555,20N100EREF//OO9T005200236486
NL02RABO0343342286
:86:/EREF/12-11-2025 14:12 7020626903124579/TRCD/100/ORDP//NAME/L. va
n der Ploeg eo J. Bosch/REMI/9070535935 7020626903124579 HH xui-9
9354384/PURP//CD/EPAY/ISDT/2025-11-12
:61:251112C000000000315,76N541NONREF//PEIP-20251112128
NL72INGB0002921431
:86:/TRCD/541/ORDP//NAME/W F A Haring en Mevr M W Haring-van Willigen
/REMI/reserveringsnummer 2920364/ISDT/2025-11-12
:61:251112C000000000493,12N100EREF//OO9T005200249292
NL51RABO0303512040
:86:/EREF/12-11-2025 14:16 7020225094214240/TRCD/100/ORDP//NAME/Brand
wacht Zomer/REMI/9070545536 7020225094214240 EH xui-23042448/PURP
//CD/EPAY/ISDT/2025-11-12
:61:251112C000000001223,50N541EREF//PEIP-20251112128
NL96INGB0008701714
:86:/EREF/Familie Conemans/TRCD/541/ORDP//NAME/Mw K C J Conemans/REMI
/boekingsnummer 9440562  en 9446205/ISDT/2025-11-12
:61:251112C000000000441,75N100EREF//OO9T005200274120
NL11RABO0357073347
:86:/EREF/12-11-2025 14:24 7020385706306379/TRCD/100/ORDP//NAME/M. Wi
endels eo D. Wakker/REMI/9070564152 7020385706306379 HH xui-20083
501/PURP//CD/EPAY/ISDT/2025-11-12
:61:251112C000000001005,15N100EREF//43265507895
NL60INGB0665505949
:86:/EREF/12-11-2025 12:25 7020534191334867/TRCD/100/ORDP//NAME/Mw L 
Fonteyn/REMI/9070272804 7020534191334867 KV/PURP//CD/EPAY/ISDT/20
25-11-12
:61:251112C000000000289,10N100EREF//43265549926
NL94INGB0000521352
:86:/EREF/12-11-2025 12:31 7020204488364153/TRCD/100/ORDP//NAME/Hr MT
 Roling, Mw M Roling-Acampora/REMI/9070286939 7020204488364153 ZV
/PURP//CD/EPAY/ISDT/2025-11-12
:61:251112C000000000835,15N100EREF//43265547867
NL19INGB0007147511
:86:/EREF/12-11-2025 12:33 7020565694276517/TRCD/100/ORDP//NAME/JEG v
an Rijs-van der Linde,Hr A van Rijs/REMI/9070291627 7020565694276
517 HB/PURP//CD/EPAY/ISDT/2025-11-12
:61:251112C000000002895,34N100EREF//43265560632
NL90INGB0672819112
:86:/EREF/12-11-2025 12:44 7020654203186622/TRCD/100/ORDP//NAME/Hr FR
 op de Woerd,Mw AR Westerman/REMI/9070318866 7020654203186622 AG/
PURP//CD/EPAY/ISDT/2025-11-12
:61:251112C000000000681,30N100EREF//43265564053
NL50INGB0000517003
:86:/EREF/12-11-2025 12:52 7020745409334627/TRCD/100/ORDP//NAME/Hr C 
Bestebroer en/of Mw Bestebroer-Kleyer/REMI/9070338262 70207454093
34627 HH/PURP//CD/EPAY/ISDT/2025-11-12
:61:251112C000000000036,00N100EREF//43265565101
NL57INGB0006149085
:86:/EREF/12-11-2025 12:09 7020634191185872/TRCD/100/ORDP//NAME/Mw ER
 van Housselt/REMI/9070232706 7020634191185872 LH/PURP//CD/EPAY/I
SDT/2025-11-12
:61:251112C000000000701,44N100EREF//43265565489
NL46INGB0000797211
:86:/EREF/12-11-2025 12:53 7020354185274006/TRCD/100/ORDP//NAME/Mw E 
van Hoeven/REMI/9070339930 7020354185274006 KM/PURP//CD/EPAY/ISDT
/2025-11-12
:61:251112C000000000002,50N100EREF//43265571062
NL72INGB0670025739
:86:/EREF/12-11-2025 11:59 7020094503184651/TRCD/100/ORDP//NAME/Hr TD
 Visser,Mw R Canjels/REMI/9070208611 7020094503184651 MD/PURP//CD
/EPAY/ISDT/2025-11-12
:61:251112C000000000879,20N100EREF//43265576045
NL46INGB0004516094
:86:/EREF/12-11-2025 12:29 7020324191275503/TRCD/100/ORDP//NAME/ROB -
T HART/REMI/9070279717 7020324191275503 KV/PURP//CD/EPAY/ISDT/202
5-11-12
:61:251112C000000000371,85N100EREF//OO9T005200278536
NL52RABO0103746536
:86:/EREF/12-11-2025 14:25 7020975982334120/TRCD/100/ORDP//NAME/L. Ga
unt-van der Wiel eo J. Gaunt/ID/83343903/REMI/9070566946 70209759
82334120 PZ xui-10069237/PURP//CD/EPAY/ISDT/2025-11-12
:61:251112C000000001453,20N100EREF//OO9T005200298157
NL18RABO0114118388
:86:/EREF/12-11-2025 14:32 7020605409156895/TRCD/100/ORDP//NAME/J.J.C
. Niemantsverdriet eo A. Vermeulen/REMI/9070581069 70206054091568
95 SR xui-81056382/PURP//CD/EPAY/ISDT/2025-11-12
:61:251112C000000001165,84N541NONREF//PEIP-20251112128
BE39063654525319
:86:/TRCD/541/ORDP//NAME/Heirman - BOUDINY/REMI/742135/ISDT/2025-11-1
2
:61:251112C000000001452,72N100EREF//OO9T005200331362
NL64RABO0131332732
:86:/EREF/12-11-2025 14:42 7020554500304417/TRCD/100/ORDP//NAME/W.C.J
. Schefman-Backus eo R.T.E. Schefman/REMI/9070605463 702055450030
4417 EH xui-38752492/PURP//CD/EPAY/ISDT/2025-11-12
:61:251112C000000002497,60N100EREF//OO9T005200324914
NL40RABO0138010935
:86:/EREF/12-11-2025 14:40 7020676306125722/TRCD/100/ORDP//NAME/M.G.C
. Jonker-Hooglugt/REMI/9070600272 7020676306125722 ZV xui-2562439
2/PURP//CD/EPAY/ISDT/2025-11-12
:61:251112C000000000200,00N100EREF//OO9T005200334682
NL48RABO0148340709
:86:/EREF/12-11-2025 14:43 7020304194154231/TRCD/100/ORDP//NAME/H.H.J
.M. Kanters eo K.E.A. Kanters-Coonen/REMI/9070610453 702030419415
4231 MD xui-53667119/PURP//CD/EPAY/ISDT/2025-11-12
:61:251112C000000000657,46N541EREF//OO9T005200347433
NL60RABO0109295471
:86:/EREF/OO9B005200347433/PREF/OO9B005200347433/TRCD/541/ORDP//NAME/
A.J.P.M. Romijnders eo D.S.C. Romijnders- de Ruiter/REMI/Reserver
ingsnummer: 3698264/ISDT/2025-11-12
:61:251112C000000000442,96N100EREF//OO9T005200347291
NL64RABO0150646887
:86:/EREF/12-11-2025 14:47 7020675100395197/TRCD/100/ORDP//NAME/S.J.M
. Prins/REMI/9070620340 7020675100395197 AR xui-68255291/PURP//CD
/EPAY/ISDT/2025-11-12
:61:251112C000000001246,47N100EREF//OO9T005200346145
NL64RABO0126220832
:86:/EREF/12-11-2025 14:47 7020054197274363/TRCD/100/ORDP//NAME/Monta
ge en onderhoudsbedr. HenkLeen/REMI/9070617122 7020054197274363 L
H xui-23586052/PURP//CD/EPAY/ISDT/2025-11-12
:61:251112C000000000474,68N100EREF//OO9T005200346217
NL69RABO0125841957
:86:/EREF/12-11-2025 14:47 7020794797365716/TRCD/100/ORDP//NAME/J. de
 Cock/REMI/9070619069 7020794797365716 HA xui-27297870/PURP//CD/E
PAY/ISDT/2025-11-12
:61:251112C000000000076,50N100EREF//OO9T005200356133
NL73RABO0354386689
:86:/EREF/12-11-2025 14:50 7020616282274846/TRCD/100/ORDP//NAME/F.C.M
. van der Laan/REMI/9070624828 7020616282274846 HH xui-51378145/P
URP//CD/EPAY/ISDT/2025-11-12
:61:251112C000000000210,85N100EREF//OO9T005200361558
NL11RABO0138994455
:86:/EREF/12-11-2025 14:52 7020986900246262/TRCD/100/ORDP//NAME/J. va
n de Laar/REMI/9070632024 7020986900246262 KV xui-79872936/PURP//
CD/EPAY/ISDT/2025-11-12
:61:251112C000000000075,98N100EREF//43265645334
NL03ABNA0975365576
:86:/EREF/12-11-2025 12:33 7020924197334999/TRCD/100/ORDP//NAME/ROOIJ
 J A W VAN/REMI/9070291021 7020924197334999 ZV/PURP//CD/EPAY/ISDT
/2025-11-12
:61:251112C000000000432,60N100EREF//43265645368
NL83ABNA0436422824
:86:/EREF/12-11-2025 12:11 7020945100245683/TRCD/100/ORDP//NAME/W MEL
SSEN BAETSEN CJ/REMI/9070236825 7020945100245683 HB/PURP//CD/EPAY
/ISDT/2025-11-12
:61:251112C000000001840,60N100EREF//43265647955
NL67ABNA0595239854
:86:/EREF/12-11-2025 12:42 7020444509304903/TRCD/100/ORDP//NAME/L GRI
N CJ/REMI/9070311790 7020444509304903 LH/PURP//CD/EPAY/ISDT/2025-
11-12
:61:251112C000000003551,20N100EREF//43265647973
NL68ABNA0460255800
:86:/EREF/12-11-2025 12:28 7020285409156715/TRCD/100/ORDP//NAME/PJ BA
ZEN CJ/REMI/9070280605 7020285409156715 EP/PURP//CD/EPAY/ISDT/202
5-11-12
:61:251112C000000000068,00N100EREF//43265647853
NL67ABNA0595239854
:86:/EREF/12-11-2025 12:54 7020256300155644/TRCD/100/ORDP//NAME/L GRI
N CJ/REMI/9070343719 7020256300155644 LH/PURP//CD/EPAY/ISDT/2025-
11-12
:61:251112C000000000200,60N100EREF//43265654464
NL62KNAB0776641123
:86:/EREF/2025-11-12T11:35 7020914800396760/TRCD/100/ORDP//NAME/Lumin
o Productions/REMI/9070296084 7020914800396760 ZV/PURP//CD/EPAY/I
SDT/2025-11-12
:61:251112C000000000059,00N100EREF//43265654037
NL19RBRB0777954435
:86:/EREF/2025-11-12T10:06 7020685085244756/TRCD/100/ORDP//NAME/M.J.J
.G. Leek e/o D. Kruijt/REMI/9069924046 7020685085244756 EH/PURP//
CD/EPAY/ISDT/2025-11-12
:61:251112C000000000336,16N100EREF//43265646929
NL88ABNA0513598650
:86:/EREF/12-11-2025 12:48 7020324191336838/TRCD/100/ORDP//NAME/R FOL
LES/REMI/9070327009 7020324191336838 PZ/PURP//CD/EPAY/ISDT/2025-1
1-12
:61:251112C000000000487,24N100EREF//43265647478
NL31ABNA0464999766
:86:/EREF/12-11-2025 12:57 7020416909275644/TRCD/100/ORDP//NAME/B VAN
 DER KWAAK/REMI/9070348457 7020416909275644 EH/PURP//CD/EPAY/ISDT
/2025-11-12
:61:251112C000000001979,88N100EREF//43265647035
NL57ABNA0602146046
:86:/EREF/12-11-2025 12:39 7020015088244957/TRCD/100/ORDP//NAME/J ROV
ERS/REMI/9070305651 7020015088244957 AR/PURP//CD/EPAY/ISDT/2025-1
1-12
:61:251112C000000000373,20N100EREF//43265645952
NL24ABNA0877778639
:86:/EREF/12-11-2025 12:05 7020125106305239/TRCD/100/ORDP//NAME/E DRE
IJLING/REMI/9070225400 7020125106305239 MD/PURP//CD/EPAY/ISDT/202
5-11-12
:61:251112C000000000880,20N100EREF//43265650518
NL88ABNA0816169780
:86:/EREF/12-11-2025 12:43 7020586582336499/TRCD/100/ORDP//NAME/D OLB
ERTIJN CJ/REMI/9070317347 7020586582336499 TF/PURP//CD/EPAY/ISDT/
2025-11-12
:61:251112C000000002881,20N100EREF//43265652775
NL68KNAB0515757284
:86:/EREF/2025-11-12T11:33 7020095997244771/TRCD/100/ORDP//NAME/SLTS 
interim/REMI/9070289818 7020095997244771 EH/PURP//CD/EPAY/ISDT/20
25-11-12
:61:251112C000000000388,20N100EREF//OO9T005200372361
NL70RABO0332778150
:86:/EREF/12-11-2025 14:55 7020384206246781/TRCD/100/ORDP//NAME/G.J. 
Riemsdijk/REMI/9070640221 7020384206246781 HB xui-15407450/PURP//
CD/EPAY/ISDT/2025-11-12
:61:251112C000000001238,99N541NONREF//PEIP-20251112128
NL32SNSB8846795342
:86:/TRCD/541/ORDP//NAME/B. Visschers e/o H.G.N. Peek/REMI/Reserverin
gsnummer 5527452/ISDT/2025-11-12
:61:251112C000000000250,00N100EREF//OO9T005200391167
NL94RABO0327328452
:86:/EREF/12-11-2025 15:01 7020654782335842/TRCD/100/ORDP//NAME/H. Gr
ondman eo D.M. Grondman-Jansen/REMI/9070650507 7020654782335842 M
D xui-10244270/PURP//CD/EPAY/ISDT/2025-11-12
:61:251112C000000000356,20N100EREF//OO9T005200402914
NL07RABO0331670186
:86:/EREF/12-11-2025 15:05 7020135100185302/TRCD/100/ORDP//NAME/TXTC 
Solutions/REMI/9070661077 7020135100185302 HB xui-63574638/PURP//
CD/EPAY/ISDT/2025-11-12
:61:251112C000000000445,35N100EREF//OO9T005200422240
NL51RABO0331725266
:86:/EREF/12-11-2025 15:11 7020775400364885/TRCD/100/ORDP//NAME/J. Vl
asman eo N. Nugter/REMI/9070676185 7020775400364885 HB xui-423194
78/PURP//CD/EPAY/ISDT/2025-11-12
:61:251112C000000000028,50N100EREF//OO9T005200426079
NL15RABO0142037370
:86:/EREF/12-11-2025 15:12 7020136888154276/TRCD/100/ORDP//NAME/M.F.P
.N.H. van Duijnhoven/REMI/9070676377 7020136888154276 HE xui-5025
2318/PURP//CD/EPAY/ISDT/2025-11-12
:61:251112C000000000429,30N100EREF//OO9T005200467214
NL90RABO0128923172
:86:/EREF/12-11-2025 15:24 7020794203394990/TRCD/100/ORDP//NAME/F.A.M
. van den Hurk eo A.F.E.M. v.d. Hurk-Joosten/ID/69341451/REMI/907
0702657 7020794203394990 SR xui-18663550/PURP//CD/EPAY/ISDT/2025-
11-12
:61:251112C000000001188,64N100EREF//OO9T005200482284
NL10RABO0368738876
:86:/EREF/12-11-2025 15:29 7020305091395572/TRCD/100/ORDP//NAME/C.H. 
Oskam eo A.H.E. Velis/REMI/9070722339 7020305091395572 SL xui-598
65615/PURP//CD/EPAY/ISDT/2025-11-12
:61:251112C000000000151,40N541EREF//OO9T005200487769
NL79RABO0316172073
:86:/EREF/OO9B005200487769/PREF/OO9B005200487769/TRCD/541/ORDP//NAME/
W.J. Karman eo K.J. Karman-Zandbergen/REMI/boeking 6542575/ISDT/2
025-11-12
:61:251112C000000000234,24N100EREF//43265739992
NL53ABNA0576668389
:86:/EREF/12-11-2025 13:21 7020285100334711/TRCD/100/ORDP//NAME/E WOL
F CJ/REMI/9070409288 7020285100334711 EH/PURP//CD/EPAY/ISDT/2025-
11-12
:61:251112C000000000588,05N100EREF//43265744228
NL34INGB0752448099
:86:/EREF/12-11-2025 13:25 7020624800244750/TRCD/100/ORDP//NAME/Hr NJ
N Leijssenaar/REMI/9070417417 7020624800244750 HB/PURP//CD/EPAY/I
SDT/2025-11-12
:61:251112C000000001516,40N100EREF//43265744592
NL25INGB0003424155
:86:/EREF/12-11-2025 13:29 7020245103275986/TRCD/100/ORDP//NAME/Mw ET
W Verkooijen-de Jonge/REMI/9070429089 7020245103275986 KV/PURP//C
D/EPAY/ISDT/2025-11-12
:61:251112C000000000644,80N100EREF//43265734239
NL83INGB0002166767
:86:/EREF/12-11-2025 13:07 7020774488126994/TRCD/100/ORDP//NAME/Hr A 
H J Koszeluk/REMI/9070377691 7020774488126994 ZV/PURP//CD/EPAY/IS
DT/2025-11-12
:61:251112C000000000442,24N100EREF//43265760823
NL38INGB0428564542
:86:/EREF/12-11-2025 13:09 7020155400184840/TRCD/100/ORDP//NAME/Hr M 
Koopman, Mw IL Hagedoorn/REMI/9070379803 7020155400184840 EH/PURP
//CD/EPAY/ISDT/2025-11-12
:61:251112C000000000015,00N100EREF//43265760141
NL62INGB0008955593
:86:/EREF/12-11-2025 13:13 7020095091365569/TRCD/100/ORDP//NAME/Mw L 
van de Koevering/REMI/9070387431 7020095091365569 HH/PURP//CD/EPA
Y/ISDT/2025-11-12
:61:251112C000000000032,00N100EREF//43265760308
NL70INGB0003795825
:86:/EREF/12-11-2025 13:15 7020885385396163/TRCD/100/ORDP//NAME/Hr WJ
M van der Kolk, Mw FE vd Kolk-Hartman/REMI/9070393656 70208853853
96163 EH/PURP//CD/EPAY/ISDT/2025-11-12
:61:251112C000000000124,00N100EREF//43265740709
NL69ABNA0816393028
:86:/EREF/12-11-2025 13:13 7020674482125032/TRCD/100/ORDP//NAME/VK DE
 JONG CJ/REMI/9070391625 7020674482125032 ZV/PURP//CD/EPAY/ISDT/2
025-11-12
:61:251112C000000000578,24N100EREF//43265740820
NL44ABNA0550700099
:86:/EREF/12-11-2025 13:15 7020115388216067/TRCD/100/ORDP//NAME/S PER
DOK/REMI/9070395269 7020115388216067 EH/PURP//CD/EPAY/ISDT/2025-1
1-12
:61:251112C000000000403,20N100EREF//43265746243
NL50INGB0005286008
:86:/EREF/12-11-2025 13:31 7020615709215371/TRCD/100/ORDP//NAME/Hr FC
 van der Starre,CG van der Starre-Meurer/REMI/9070431177 70206157
09215371 MD/PURP//CD/EPAY/ISDT/2025-11-12
:61:251112C000000000751,95N100EREF//43265745856
NL09INGB0008569323
:86:/EREF/12-11-2025 13:32 7020526906245020/TRCD/100/ORDP//NAME/Mw L 
Meerman/REMI/9070436582 7020526906245020 KV/PURP//CD/EPAY/ISDT/20
25-11-12
:61:251112C000000000355,48N100EREF//43265749715
NL46ABNA0506286770
:86:/EREF/12-11-2025 13:55 7020445091396814/TRCD/100/ORDP//NAME/C TER
LOUW CJ/REMI/9070488719 7020445091396814 PZ/PURP//CD/EPAY/ISDT/20
25-11-12
:61:251112C000000000170,00N100EREF//43265750976
NL23ABNA0605889597
:86:/EREF/12-11-2025 13:40 7020306294395857/TRCD/100/ORDP//NAME/HANNE
KE BOONMAN/REMI/9070451199 7020306294395857 EH/PURP//CD/EPAY/ISDT
/2025-11-12
:61:251112C000000001323,45N100EREF//OO9T005200510296
NL44RABO0118338293
:86:/EREF/12-11-2025 15:38 7020196900334198/TRCD/100/ORDP//NAME/K.M. 
Wempe-Krikke eo S.P.J.N. Wempe/REMI/9070742375 7020196900334198 S
R xui-99769331/PURP//CD/EPAY/ISDT/2025-11-12
:61:251112C000000000736,00N100EREF//OO9T005200516541
NL52RABO0104989688
:86:/EREF/12-11-2025 15:40 7020485685244969/TRCD/100/ORDP//NAME/Z.E.T
. Dellink/REMI/9070747162 7020485685244969 EP xui-89637461/PURP//
CD/EPAY/ISDT/2025-11-12
:61:251112C000000000573,80N100EREF//OO9T005200531071
NL71RABO0366325388
:86:/EREF/12-11-2025 15:44 7020834803364993/TRCD/100/ORDP//NAME/W. Wi
llemsen eo B. Willemsen-Mulder/REMI/9070757352 7020834803364993 E
H xui-88312391/PURP//CD/EPAY/ISDT/2025-11-12
:61:251112C000000000289,40N100EREF//OO9T005200539971
NL40RABO0353119881
:86:/EREF/12-11-2025 15:47 7020665085244210/TRCD/100/ORDP//NAME/D.W. 
Rabelink eo M.M. Schulte/REMI/9070763566 7020665085244210 HH xui-
81960927/PURP//CD/EPAY/ISDT/2025-11-12
:61:251112C000000000303,80N100EREF//OO9T005200550985
NL19RABO0341908029
:86:/EREF/12-11-2025 15:50 7020046009185056/TRCD/100/ORDP//NAME/L.G. 
Verbrugge/REMI/9070771667 7020046009185056 VN xui-13242389/PURP//
CD/EPAY/ISDT/2025-11-12
:61:251112C000000000486,48N100EREF//43265802291
NL25SNSB0859813819
:86:/EREF/2025-11-12T10:59 7020985109155224/TRCD/100/ORDP//NAME/M.H.M
. van Rijbroek e/o C. van Vliet/REMI/9070052514 7020985109155224 
HE/PURP//CD/EPAY/ISDT/2025-11-12
:61:251112C000000000793,68N100EREF//43265785178
NL03ABNA0974226408
:86:/EREF/12-11-2025 14:16 7020975682245050/TRCD/100/ORDP//NAME/BEIJE
R J A CJ/REMI/9070544698 7020975682245050 PZ/PURP//CD/EPAY/ISDT/2
025-11-12
:61:251112C000000000141,74N100EREF//43265788078
NL27INGB0008402838
:86:/EREF/12-11-2025 14:25 7020265406154273/TRCD/100/ORDP//NAME/WiZe 
Beheer BV/REMI/9070566884 7020265406154273 PZ/PURP//CD/EPAY/ISDT/
2025-11-12
:61:251112C000000000557,20N100EREF//43265782886
NL46ABNA0889735530
:86:/EREF/12-11-2025 14:06 7020585697156193/TRCD/100/ORDP//NAME/E CLA
US/REMI/9070515102 7020585697156193 HH/PURP//CD/EPAY/ISDT/2025-11
 12
:61:251112C000000000058,00N100EREF//43265789158
NL08INGB0008919608
:86:/EREF/12-11-2025 14:03 7020176306334453/TRCD/100/ORDP//NAME/D Bee
k/REMI/9070508693 7020176306334453 HB/PURP//CD/EPAY/ISDT/2025-11-
12
:61:251112C000000000572,00N100EREF//43265801031
NL55INGB0003364639
:86:/EREF/12-11-2025 14:40 7020186594126862/TRCD/100/ORDP//NAME/Mevr 
T S M Spronk-Lengkeek/REMI/9070602438 7020186594126862 ZV/PURP//C
D/EPAY/ISDT/2025-11-12
:61:251112C000000000324,08N100EREF//43265786429
NL45INGB0008998288
:86:/EREF/12-11-2025 14:34 7020064209335881/TRCD/100/ORDP//NAME/Hr MA
 Jacobi/REMI/9070587692 7020064209335881 EH/PURP//CD/EPAY/ISDT/20
25-11-12
:61:251112C000000000135,00N100EREF//OO9T005200553035
NL97RABO0330345583
:86:/EREF/12-11-2025 15:51 7020526903304984/TRCD/100/ORDP//NAME/D. Vu
lto/REMI/9070771777 7020526903304984 HB xui-10469447/PURP//CD/EPA
Y/ISDT/2025-11-12
:61:251112C000000000400,80N100EREF//OO9T005200601819
NL76RABO0307857190
:86:/EREF/12-11-2025 16:05 7020344485125863/TRCD/100/ORDP//NAME/L. Zi
jlstra/REMI/9070809325 7020344485125863 HH xui-90642371/PURP//CD/
EPAY/ISDT/2025-11-12
:61:251112C000000000004,95N100EREF//OO9T005200603000
NL92RABO0317961683
:86:/EREF/12-11-2025 16:05 7020294497246145/TRCD/100/ORDP//NAME/E.H. 
Idzes eo W.G. Idzes-Poortman/REMI/9070811241 7020294497246145 SR 
xui-42117730/PURP//CD/EPAY/ISDT/2025-11-12
:61:251112C000000000084,00N100EREF//OO9T005200611059
NL66RABO0375775994
:86:/EREF/12-11-2025 16:08 7020055391396523/TRCD/100/ORDP//NAME/K. Bi
efer eo N. Spruyt/REMI/9070815538 7020055391396523 KV xui-9892332
2/PURP//CD/EPAY/ISDT/2025-11-12
:61:251112C000000000736,32N100EREF//OO9T005200620073
NL42RABO0342405128
:86:/EREF/12-11-2025 16:10 7020794494156055/TRCD/100/ORDP//NAME/T. de
 Jager en of M. de Jager-Kooistra/REMI/9070820284 702079449415605
5 ZV xui-12420217/PURP//CD/EPAY/ISDT/2025-11-12
:61:251112C000000000050,00N100EREF//OO9T005200616146
NL92RABO0137093349
:86:/EREF/12-11-2025 16:09 7020986306244369/TRCD/100/ORDP//NAME/N. Ko
rstanje eo S. Heshof/REMI/9070820519 7020986306244369 VM xui-3249
4454/PURP//CD/EPAY/ISDT/2025-11-12
:61:251112C000000000543,80N100EREF//OO9T005200619223
NL48RABO0149816758
:86:/EREF/12-11-2025 16:10 7020135097156493/TRCD/100/ORDP//NAME/P. Bl
omvliet eo R.M. Schouten/REMI/9070819599 7020135097156493 HH xui-
61445908/PURP//CD/EPAY/ISDT/2025-11-12
:61:251112C000000000265,40N100EREF//OO9T005200620579
NL20RABO0159897793
:86:/EREF/12-11-2025 16:11 7020775406305182/TRCD/100/ORDP//NAME/J. de
 Visser eo J. de Visser-Brandt/REMI/9070819498 7020775406305182 M
D xui-99944600/PURP//CD/EPAY/ISDT/2025-11-12
:61:251112C000000000608,25N100EREF//OO9T005200636674
NL71RABO0344939022
:86:/EREF/12-11-2025 16:15 7020205094395593/TRCD/100/ORDP//NAME/M.J. 
van 't Veer/REMI/9070830953 7020205094395593 KV xui-44213958/PURP
//CD/EPAY/ISDT/2025-11-12
:61:251112C000000001953,28N541EREF//OO9T005200652494
NL15RABO0147872308
:86:/EREF/OO9B005200652494/PREF/OO9B005200652494/TRCD/541/ORDP//NAME/
Work 2 Work Group Personele Dienst/REMI//CDTRREFTP//CD/SCOR/ISSR/
CUR/CDTRREF/9599078/ISDT/2025-11-12
:61:251112C000000000353,48N100EREF//OO9T005200653211
NL80RABO0107346672
:86:/EREF/12-11-2025 16:20 7020386594155056/TRCD/100/ORDP//NAME/G.S. 
Pike/REMI/9070842812 7020386594155056 PZ xui-93850378/PURP//CD/EP
AY/ISDT/2025-11-12
:61:251112C000000001316,16N541EREF//OO9T005200671773
NL47RABO0305229109
:86:/EREF/OO9B005200671773/PREF/OO9B005200671773/TRCD/541/ORDP//NAME/
H. Andela eo I. Andela-Swart/REMI/Reserveringsnummer: 5952581/ISD
T/2025-11-12
:61:251112C000000000518,80N100EREF//43265885363
NL21ABNA0551841524
:86:/EREF/12-11-2025 14:36 7020704800335275/TRCD/100/ORDP//NAME/RJN B
RUIN CJ/REMI/9070591690 7020704800335275 MD/PURP//CD/EPAY/ISDT/20
25-11-12
:61:251112C000000000250,00N100EREF//43265890779
NL75INGB0700222561
:86:/EREF/12-11-2025 14:32 7020145391276448/TRCD/100/ORDP//NAME/Mw JE
 Keur/REMI/9070584385 7020145391276448 EP/PURP//CD/EPAY/ISDT/2025
 11-12
:61:251112C000000000470,00N100EREF//43265889204
NL58INGB0003013930
:86:/EREF/12-11-2025 14:49 7020025385276445/TRCD/100/ORDP//NAME/Hr TH
 Meeuwsen,Mw E Meeuwsen-Dijkstra/REMI/9070623321 7020025385276445
 MD/PURP//CD/EPAY/ISDT/2025-11-12
:61:251112C000000001676,36N100EREF//43265891843
NL23INGB0002723172
:86:/EREF/12-11-2025 14:31 7020634200214921/TRCD/100/ORDP//NAME/Hr K 
Kooistra, Mw AS Kooistra-van Berkum/REMI/9070580781 7020634200214
921 AR/PURP//CD/EPAY/ISDT/2025-11-12
:61:251112C000000000271,20N100EREF//43265882957
NL88INGB0005069499
:86:/EREF/12-11-2025 14:57 7020416300126952/TRCD/100/ORDP//NAME/Mw P 
P M Nieuwenhuis en/of Hr L J Wiedenhoff/REMI/9070640978 702041630
0126952 LH/PURP//CD/EPAY/ISDT/2025-11-12
:61:251112C000000000271,80N100EREF//43265894929
NL04ABNA0445109432
:86:/EREF/12-11-2025 15:02 7020274788304309/TRCD/100/ORDP//NAME/KAYLE
E WESTERHOF/REMI/9070654487 7020274788304309 HH/PURP//CD/EPAY/ISD
T/2025-11-12
:61:251112C000000001934,12N100EREF//43265894918
NL51INGB0003146558
:86:/EREF/12-11-2025 14:02 7020656009215020/TRCD/100/ORDP//NAME/Mw M 
Kamphuis/REMI/9070508488 7020656009215020 PZ/PURP//CD/EPAY/ISDT/2
025-11-12
:61:251112C000000000073,40N100EREF//43265896380
NL68INGB0003160705
:86:/EREF/12-11-2025 14:00 7020736003245416/TRCD/100/ORDP//NAME/Hr R 
P C Vissers en Mw M E Vissers-de Vos/REMI/9070500100 702073600324
5416 MD/PURP//CD/EPAY/ISDT/2025-11-12
:61:251112C000000000064,20N100EREF//43265906413
NL61BUNQ2086948050
:86:/EREF/12-11-2025 13:41 7020336900214867/TRCD/100/ORDP//NAME/Hicha
m Ajaghfouf/REMI/9070453411 7020336900214867 KV/PURP//CD/EPAY/ISD
T/2025-11-12
:61:251112C000000001483,80N100EREF//OO9T005200668646
NL92RABO0315608366
:86:/EREF/12-11-2025 16:24 7020024206365932/TRCD/100/ORDP//NAME/J.S.J
. Hensbergen/REMI/9070850897 7020024206365932 VN xui-61268632/PUR
P//CD/EPAY/ISDT/2025-11-12
:61:251112C000000000398,48N541NONREF//PEIP-20251112128
NL97SNSB0957269005
:86:/TRCD/541/ORDP//NAME/M. Monse/REMI/4973851/ISDT/2025-11-12
:61:251112C000000000281,24N100EREF//OO9T005200706580
NL28RABO0147998174
:86:/EREF/12-11-2025 16:35 7020166300366760/TRCD/100/ORDP//NAME/S. Ga
ngadien eo S.T. Chedie/REMI/9070877034 7020166300366760 PZ xui-52
794316/PURP//CD/EPAY/ISDT/2025-11-12
:61:251112C000000000325,98N541NONREF//PEIP-20251112129
NL51INGB0664733409
:86:/TRCD/541/ORDP//NAME/Mw CAJM Hillebrand,Hr WJ van Montfoort/REMI/
reserveringsnummer 7910972/ISDT/2025-11-12
:61:251112C000000000584,38N100EREF//OO9T005200734590
NL77RABO0153365757
:86:/EREF/12-11-2025 16:43 7020554497124735/TRCD/100/ORDP//NAME/J.F.A
. van Hedel eo C.M.E. v Hedel-van Venrooij/REMI/9070894696 702055
4497124735 VM xui-56482630/PURP//CD/EPAY/ISDT/2025-11-12
:61:251112C000000001204,60N100EREF//OO9T005200734991
NL29RABO0148061400
:86:/EREF/12-11-2025 16:43 7020006885246625/TRCD/100/ORDP//NAME/F.J.M
. Bouwmans eo J.H.M. Bouwmans-van de Burgt/REMI/9070896912 702000
6885246625 KV xui-85874769/PURP//CD/EPAY/ISDT/2025-11-12
:61:251112C000000001016,15N100EREF//OO9T005200743406
NL06RABO0105345148
:86:/EREF/12-11-2025 16:45 7020394503126769/TRCD/100/ORDP//NAME/Veelz
ijdig/REMI/9070903350 7020394503126769 HH xui-22641314/PURP//CD/E
PAY/ISDT/2025-11-12
:61:251112C000000000099,00N100EREF//43265879067
NL65SNSB0821334557
:86:/EREF/2025-11-12T12:18 7020446288275863/TRCD/100/ORDP//NAME/D. va
n Nisselroij/REMI/9070253023 7020446288275863 ZV/PURP//CD/EPAY/IS
DT/2025-11-12
:61:251112C000000000365,90N100EREF//43265976748
NL96INGB0008891834
:86:/EREF/12-11-2025 15:34 7020945991394876/TRCD/100/ORDP//NAME/Hr W 
K Koers/REMI/9070732828 7020945991394876 MD/PURP//CD/EPAY/ISDT/20
25-11-12
:61:251112C000000000807,48N100EREF//43265973042
NL79INGB0006300009
:86:/EREF/12-11-2025 15:35 7020564482185017/TRCD/100/ORDP//NAME/Hr B 
C van der Geest/REMI/9070734139 7020564482185017 PZ/PURP//CD/EPAY
/ISDT/2025-11-12
:61:251112C000000000070,00N100EREF//43265972584
NL08INGB0003886860
:86:/EREF/12-11-2025 15:10 7020485994155266/TRCD/100/ORDP//NAME/Hr JH
F Beugelsdijk, Mw S Broekhuizen/REMI/9070676549 7020485994155266 
KV/PURP//CD/EPAY/ISDT/2025-11-12
:61:251112C000000000409,44N100EREF//43265980020
NL80ABNA0479415994
:86:/EREF/12-11-2025 15:17 7020324209216466/TRCD/100/ORDP//NAME/J VD 
NEUT VAN DEN BRO CJ/REMI/9070689571 7020324209216466 ZV/PURP//CD/
EPAY/ISDT/2025-11-12
:61:251112C000000001582,00N100EREF//43265983937
NL06INGB0000164133
:86:/EREF/12-11-2025 15:22 7020024194306040/TRCD/100/ORDP//NAME/Hr D 
de Cocq van Delwijnen/REMI/9070699706 7020024194306040 KM/PURP//C
D/EPAY/ISDT/2025-11-12
:61:251112C000000000045,00N100EREF//43265980823
NL66ABNA0522683096
:86:/EREF/12-11-2025 15:21 7020565403244201/TRCD/100/ORDP//NAME/SCG A
MMERLAAN CJ/REMI/9070701258 7020565403244201 KM/PURP//CD/EPAY/ISD
T/2025-11-12
:61:251112C000000000059,00N100EREF//43265985602
NL55INGB0005680514
:86:/EREF/12-11-2025 15:27 7020586585396838/TRCD/100/ORDP//NAME/Mw P 
Meijer/REMI/9070715934 7020586585396838 VM/PURP//CD/EPAY/ISDT/202
5-11-12
:61:251112C000000000762,60N100EREF//43265975180
NL08INGB0003886860
:86:/EREF/12-11-2025 15:02 7020205094365110/TRCD/100/ORDP//NAME/Hr JH
F Beugelsdijk, Mw S Broekhuizen/REMI/9070655713 7020205094365110 
KV/PURP//CD/EPAY/ISDT/2025-11-12
:61:251112C000000000502,20N100EREF//43265975651
NL08INGB0003886860
:86:/EREF/12-11-2025 15:07 7020466294155938/TRCD/100/ORDP//NAME/Hr JH
F Beugelsdijk, Mw S Broekhuizen/REMI/9070667368 7020466294155938 
KV/PURP//CD/EPAY/ISDT/2025-11-12
:61:251112C000000000272,96N100EREF//43265981887
NL80ABNA0479415994
:86:/EREF/12-11-2025 15:12 7020436903214642/TRCD/100/ORDP//NAME/J VD 
NEUT VAN DEN BRO CJ/REMI/9070680836 7020436903214642 ZV/PURP//CD/
EPAY/ISDT/2025-11-12
:61:251112C000000000499,20N100EREF//43265981092
NL80ABNA0891820612
:86:/EREF/12-11-2025 15:06 7020835109304561/TRCD/100/ORDP//NAME/S VAN
 DER SPIL/REMI/9070665800 7020835109304561 HH/PURP//CD/EPAY/ISDT/
2025-11-12
:61:251112C000000000549,04N100EREF//43265878110
NL96SNSB0964206560
:86:/EREF/2025-11-12T11:50 7020466588335836/TRCD/100/ORDP//NAME/G. Be
njamins e/o J. Bourgonje/REMI/9070181098 7020466588335836 EH/PURP
//CD/EPAY/ISDT/2025-11-12
:61:251112C000000000250,00N100EREF//43265982866
NL41INGB0003957367
:86:/EREF/12-11-2025 15:21 7020796582276070/TRCD/100/ORDP//NAME/Hr A 
C M van Mook en Mw C M van Mook-Aarts/REMI/9070701312 70207965822
76070 MD/PURP//CD/EPAY/ISDT/2025-11-12
:61:251112C000000000388,20N100EREF//43265879965
NL62SNSB0906574137
:86:/EREF/2025-11-12T12:19 7020316894335374/TRCD/100/ORDP//NAME/V. Go
edkoop/REMI/9070257051 7020316894335374 HB/PURP//CD/EPAY/ISDT/202
5-11-12
:61:251112C000000000301,24N100EREF//43265970850
NL41SNSB0787922854
:86:/EREF/2025-11-12T12:12 7020744482156613/TRCD/100/ORDP//NAME/D. va
n Heumen/REMI/9070237211 7020744482156613 HA/PURP//CD/EPAY/ISDT/2
025-11-12
:61:251112C000000000493,00N100EREF//43265970092
NL21RBRB8842444189
:86:/EREF/2025-11-12T11:58 7020586309126325/TRCD/100/ORDP//NAME/R. va
n der Poel e/o J.L. Batta/REMI/9070205095 7020586309126325 TH/PUR
P//CD/EPAY/ISDT/2025-11-12
:61:251112C000000000150,08N100EREF//43265971267
NL80INGB0793155746
:86:/EREF/12-11-2025 15:16 7020094203246838/TRCD/100/ORDP//NAME/Hr KM
 Klement/REMI/9070689407 7020094203246838 EH/PURP//CD/EPAY/ISDT/2
025-11-12
:61:251112C000000000072,00N100EREF//OO9T005200774370
NL71RABO0379482177
:86:/EREF/12-11-2025 16:54 7020775391186157/TRCD/100/ORDP//NAME/N.C.J
.H. Janssen eo T. Altena/REMI/9070921944 7020775391186157 VN xui-
53950646/PURP//CD/EPAY/ISDT/2025-11-12
:61:251112C000000000075,00N100EREF//OO9T005200774822
NL09RABO0324571496
:86:/EREF/12-11-2025 16:54 7020574497185566/TRCD/100/ORDP//NAME/S. Lu
nter eo L. Braam/REMI/9070922938 7020574497185566 HH xui-15607013
/PURP//CD/EPAY/ISDT/2025-11-12
:61:251112C000000001036,00N100EREF//OO9T005200786637
NL30RABO0305040847
:86:/EREF/12-11-2025 16:57 7020665091246907/TRCD/100/ORDP//NAME/M.A.A
.J. Elshof eo T.W.W.M. Elshof-Heijmans/REMI/9070930484 7020665091
246907 LH xui-55284418/PURP//CD/EPAY/ISDT/2025-11-12
:61:251112C000000000291,68N541NONREF//PEIP-20251112129
NL72INGB0008489619
:86:/TRCD/541/ORDP//NAME/Hoveniersbedrijf Quincy van Beers/REMI/Reser
veringsnummer 7929397 Mw Bakker/ISDT/2025-11-12
:61:251112C000000000645,60N100EREF//OO9T005200799881
NL60RABO0125076401
:86:/EREF/12-11-2025 17:01 7020646306395428/TRCD/100/ORDP//NAME/S. de
 Zeeuw/REMI/9070936626 7020646306395428 ZV xui-37578372/PURP//CD/
EPAY/ISDT/2025-11-12
:61:251112C000000000028,50N100EREF//OO9T005200812199
NL12RABO0369257693
:86:/EREF/12-11-2025 17:04 7020546591304324/TRCD/100/ORDP//NAME/A. Hu
ibers/REMI/9070944105 7020546591304324 HB xui-10170116/PURP//CD/E
PAY/ISDT/2025-11-12
:61:251112C000000000102,00N100EREF//OO9T005200837507
NL20RABO0112731252
:86:/EREF/12-11-2025 17:12 7020686606156865/TRCD/100/ORDP//NAME/A.A.P
. Verhoeven eo H.C.C. Verhoeven-de Groot/REMI/9070963965 70206866
06156865 HB xui-54967394/PURP//CD/EPAY/ISDT/2025-11-12
:61:251112C000000000219,60N100EREF//OO9T005200862441
NL07RABO0149845723
:86:/EREF/12-11-2025 17:19 7020005403185437/TRCD/100/ORDP//NAME/V. Nu
rra/REMI/9070978571 7020005403185437 ZV xui-50483895/PURP//CD/EPA
Y/ISDT/2025-11-12
:61:251112C000000000131,40N100EREF//OO9T005200870751
NL46RABO0314732896
:86:/EREF/12-11-2025 17:21 7020276906185011/TRCD/100/ORDP//NAME/A. Ja
kobs eo J. Jakobs-Doornwaard/REMI/9070986073 7020276906185011 HH 
xui-77807015/PURP//CD/EPAY/ISDT/2025-11-12
:61:251112C000000001550,00N100EREF//OO9T005200867499
NL24RABO0333971108
:86:/EREF/12-11-2025 17:20 7020514797306541/TRCD/100/ORDP//NAME/J. Sm
it eo M. van 'T Veer/REMI/9070982992 7020514797306541 MD xui-9275
6779/PURP//CD/EPAY/ISDT/2025-11-12
:61:251112C000000000785,24N100EREF//OO9T005200883938
NL86RABO0122841441
:86:/EREF/12-11-2025 17:25 7020264503156277/TRCD/100/ORDP//NAME/J. He
nskens- van der Putten eo P.P.J. Henskens/REMI/9070991262 7020264
503156277 HA xui-24663700/PURP//CD/EPAY/ISDT/2025-11-12
:61:251112C000000000200,00N100EREF//OO9T005200882425
NL30RABO0373184123
:86:/EREF/12-11-2025 17:24 7020976294186619/TRCD/100/ORDP//NAME/M.C.P
. van Lith eo G.J. Peters/REMI/9070989627 7020976294186619 VM xui
 53371614/PURP//CD/EPAY/ISDT/2025-11-12
:61:251112C000000001516,40N100EREF//OO9T005200908401
NL74RABO0144926229
:86:/EREF/12-11-2025 17:32 7020986300184807/TRCD/100/ORDP//NAME/J.J.P
.C. Jansen/REMI/9071007480 7020986300184807 EH xui-95740355/PURP/
/CD/EPAY/ISDT/2025-11-12
:61:251112C000000001264,60N100EREF//OO9T005200911012
NL83RABO0374839638
:86:/EREF/12-11-2025 17:33 7020664506275458/TRCD/100/ORDP//NAME/R. Ba
kema eo E.A. Leertouwer/REMI/9071011312 7020664506275458 VN xui-5
5091825/PURP//CD/EPAY/ISDT/2025-11-12
:61:251112C000000000060,00N100EREF//OO9T005200917359
NL12RABO0149101643
:86:/EREF/12-11-2025 17:35 7020124494365149/TRCD/100/ORDP//NAME/A.P.J
. Fleer eo M.R.M. Fleer-Fluitman/REMI/9071015692 7020124494365149
 MD xui-56497155/PURP//CD/EPAY/ISDT/2025-11-12
:61:251112C000000000000,26N541NONREF//PEIP-20251112129
NL88SNSB0871633493
:86:/TRCD/541/ORDP//NAME/L. Meerhof/REMI/boeknummer 7392797/ISDT/2025
 11-12
:61:251112C000000001196,60N541EREF//OO9T005200963056
NL03RABO0373235534
:86:/EREF/OO9B005200963056/PREF/OO9B005200963056/TRCD/541/ORDP//NAME/
XO-Projects B.V./REMI/Reserveringsnummer 2402626/ISDT/2025-11-12
:61:251112C000000000662,70N541EREF//OO9T005200967847
NL51RABO0144185563
:86:/EREF/OO9B005200967847/PREF/OO9B005200967847/TRCD/541/ORDP//NAME/
J.C. Eikelenberg eo K.M.F. Ruyten/REMI/reserveringsnummer: 774141
5/ISDT/2025-11-12
:61:251112C000000000303,12N100EREF//OO9T005200962027
NL35RABO0377314196
:86:/EREF/12-11-2025 17:48 7020316597394339/TRCD/100/ORDP//NAME/M.M. 
Bont/REMI/9071046856 7020316597394339 EH xui-16428989/PURP//CD/EP
AY/ISDT/2025-11-12
:61:251112C000000000828,38N100EREF//OO9T005200988677
NL04RABO0350271348
:86:/EREF/12-11-2025 17:56 7020035397186925/TRCD/100/ORDP//NAME/E.A. 
Selens/REMI/9071064534 7020035397186925 PZ xui-76220768/PURP//CD/
EPAY/ISDT/2025-11-12
:61:251112C000000000028,50N100EREF//OO9T005200992243
NL42RABO0133231321
:86:/EREF/12-11-2025 17:57 7020276306334900/TRCD/100/ORDP//NAME/G.M. 
Veldhuis-ter Haar eo B.H.B. Veldhuis/REMI/9071066844 702027630633
4900 HB xui-79010309/PURP//CD/EPAY/ISDT/2025-11-12
:61:251112C000000001084,95N100EREF//OO9T005200999054
NL05RABO0320369625
:86:/EREF/12-11-2025 17:59 7020336882156121/TRCD/100/ORDP//NAME/J. Mi
jic eo L.M.C. Loof/REMI/9071071617 7020336882156121 TH xui-352389
91/PURP//CD/EPAY/ISDT/2025-11-12
:61:251112C000000000051,80N100EREF//OO9T005201003152
NL07RABO0144090228
:86:/EREF/12-11-2025 18:01 7020465706244780/TRCD/100/ORDP//NAME/B. Ba
kker eo E. Bakker-van der Velde/REMI/9071075894 7020465706244780 
EH xui-27353954/PURP//CD/EPAY/ISDT/2025-11-12
:61:251112C000000000424,24N100EREF//OO9T005201009855
NL66RABO0351992855
:86:/EREF/12-11-2025 18:03 7020244188306646/TRCD/100/ORDP//NAME/P.M. 
de Vries/REMI/9071076788 7020244188306646 SL xui-13668451/PURP//C
D/EPAY/ISDT/2025-11-12
:61:251112C000000000235,60N541EREF//OO9T005201025570
NL21RABO0101780710
:86:/EREF/OO9B005201025570/PREF/OO9B005201025570/TRCD/541/ORDP//NAME/
W.H.M. Koenen-Verschure eo A.J.M. Verschure-Koenen/REMI/boekingsn
ummer 7944093/ISDT/2025-11-12
:61:251112C000000000280,12N100EREF//OO9T005201037490
NL65RABO0393303330
:86:/EREF/12-11-2025 18:12 7020615406244399/TRCD/100/ORDP//NAME/E. Ko
ldenhof eo C. Koldenhof-Steenbergen/REMI/9071098594 7020615406244
399 HA xui-61077497/PURP//CD/EPAY/ISDT/2025-11-12
:61:251112D000000653399,17N625NONREF//NP8A000253382602
NL31RABO0300087233
:86:/EREF/POYTCPE2025000003565/TRCD/625/BENM//NAME/Center Parcs Europ
e N.V./REMI/CPES111200012 CC300002343/300087233/INIT//NAME/Center
 Parcs Europe N.V.
:61:251111D000000078211,47N625NONREF//NP8A000253382604
NL31RABO0300087233
:86:/EREF/POYTCPE2025000003563/TRCD/625/BENM//NAME/Center Parcs Europ
e N.V./REMI/CPES111200011 CC300002343/300087233/INIT//NAME/Center
 Parcs Europe N.V.
:61:251112C000000000662,24N100EREF//OO9T005201051491
NL12RABO0137802501
:86:/EREF/12-11-2025 18:16 7020774797214516/TRCD/100/ORDP//NAME/S. Br
ouwer/REMI/9071108729 7020774797214516 ZV xui-99918665/PURP//CD/E
PAY/ISDT/2025-11-12
:61:251112C000000000004,95N100EREF//OO9T005201054660
NL59RABO0310229049
:86:/EREF/12-11-2025 18:17 7020264500185560/TRCD/100/ORDP//NAME/D.W. 
Gaasendam/REMI/9071112806 7020264500185560 EH xui-10229255/PURP//
CD/EPAY/ISDT/2025-11-12
:61:251112C000000000002,50N100EREF//OO9T005201065658
NL86RABO0326938753
:86:/EREF/12-11-2025 18:20 7020686300185107/TRCD/100/ORDP//NAME/E.D. 
Willemse/REMI/9071117229 7020686300185107 ZV xui-60855279/PURP//C
D/EPAY/ISDT/2025-11-12
:61:251112C000000000717,40N100EREF//OO9T005201068362
NL54RABO0140939016
:86:/EREF/12-11-2025 18:21 7020956903275494/TRCD/100/ORDP//NAME/M.P. 
de Waal eo D. de Waal-Brijs/REMI/9071122537 7020956903275494 LH x
ui-17460049/PURP//CD/EPAY/ISDT/2025-11-12
:61:251112C000000002129,00N100EREF//OO9T005201072030
NL41RABO0334779782
:86:/EREF/12-11-2025 18:22 7020805988304090/TRCD/100/ORDP//NAME/S.M.F
. van Laere eo J.IJ. Roodhuizen/REMI/9071124384 7020805988304090 
KV xui-79481903/PURP//CD/EPAY/ISDT/2025-11-12
:61:251112C000000002516,50N100EREF//OO9T005201075866
NL38RABO0362002207
:86:/EREF/12-11-2025 18:24 7020514488155167/TRCD/100/ORDP//NAME/R. Ba
rtelen/REMI/9071121769 7020514488155167 KV xui-87481985/PURP//CD/
EPAY/ISDT/2025-11-12
:61:251112C000000000281,74N100EREF//OO9T005201085453
NL57RABO0125576781
:86:/EREF/12-11-2025 18:27 7020374803304009/TRCD/100/ORDP//NAME/J. va
n Breda/REMI/9071133449 7020374803304009 PZ xui-37578180/PURP//CD
/EPAY/ISDT/2025-11-12
:61:251112C000000000489,20N100EREF//OO9T005201091134
NL90RABO0171521013
:86:/EREF/12-11-2025 18:28 7020486285336817/TRCD/100/ORDP//NAME/L.L.A
. Cissen/REMI/9071135500 7020486285336817 EP xui-99558605/PURP//C
D/EPAY/ISDT/2025-11-12
:61:251112C000000000098,55N100EREF//OO9T005201104516
NL51RABO0323733824
:86:/EREF/12-11-2025 18:33 7020715094394816/TRCD/100/ORDP//NAME/D. va
n der Meulen/REMI/9071144378 7020715094394816 EH xui-70329439/PUR
P//CD/EPAY/ISDT/2025-11-12
:61:251112C000000000793,00N100EREF//OO9T005201105929
NL73RABO0130101737
:86:/EREF/12-11-2025 18:33 7020016585334756/TRCD/100/ORDP//NAME/B.P.W
.G. Hendriks/REMI/9071143067 7020016585334756 TH xui-74151218/PUR
P//CD/EPAY/ISDT/2025-11-12
:61:251112C000000001529,63N541NONREF//PEIP-20251112129
NL96INGB0001310314
:86:/TRCD/541/ORDP//NAME/BROOD- EN BANKETBAKKERIJ J EN M VAN DER HORS
T/REMI/boekingsnummer 8951094/ISDT/2025-11-12
:61:251112C000000000314,20N100EREF//OO9T005201121718
NL96RABO0377529311
:86:/EREF/12-11-2025 18:38 7020985109364363/TRCD/100/ORDP//NAME/W. Ma
askant eo H.F. Maaskant-Blaak/REMI/9071155702 7020985109364363 MD
 xui-76019615/PURP//CD/EPAY/ISDT/2025-11-12
:61:251112C000000002429,40N100EREF//OO9T005201120451
NL24RABO0384991459
:86:/EREF/12-11-2025 18:37 7020534482244258/TRCD/100/ORDP//NAME/J.R. 
van Doesburg eo/REMI/9071155043 7020534482244258 VM xui-20245295/
PURP//CD/EPAY/ISDT/2025-11-12
:61:251112C000000000625,01N100EREF//OO9T005201132544
NL33RABO0383260817
:86:/EREF/12-11-2025 18:41 7020255106155518/TRCD/100/ORDP//NAME/N.A. 
Vierling eo A.J.G. van Zutphen/REMI/9071161915 7020255106155518 H
A xui-79234776/PURP//CD/EPAY/ISDT/2025-11-12
:61:251112C000000000455,63N100EREF//OO9T005201150764
NL13RABO0319010511
:86:/EREF/12-11-2025 18:47 7020034485154678/TRCD/100/ORDP//NAME/J.G. 
Kuiper/REMI/9071175849 7020034485154678 EH xui-59343451/PURP//CD/
EPAY/ISDT/2025-11-12
:61:251112C000000000313,74N100EREF//OO9T005201157536
NL74RABO0188912916
:86:/EREF/12-11-2025 18:49 7020915388155992/TRCD/100/ORDP//NAME/M. Re
nard eo C.C. Boesveld/REMI/9071180101 7020915388155992 PZ xui-232
09374/PURP//CD/EPAY/ISDT/2025-11-12
:61:251112C000000000409,20N100EREF//OO9T005201168709
NL74RABO0380810247
:86:/EREF/12-11-2025 18:52 7020946897125335/TRCD/100/ORDP//NAME/M.F.P
. Ockhuijsen eo E. Ubas/REMI/9071185780 7020946897125335 MD xui-1
4469749/PURP//CD/EPAY/ISDT/2025-11-12
:61:251112C000000000396,00N541EREF//PEIP-20251112129
NL50INGB0002806688
:86:/EREF/8715039/TRCD/541/ORDP//NAME/Mw H C Pastora/ISDT/2025-11-12
:61:251112C000000000177,40N100EREF//OO9T005201170813
NL94RABO0146594657
:86:/EREF/12-11-2025 18:53 7020095982366079/TRCD/100/ORDP//NAME/A. de
 Jong/REMI/9071186691 7020095982366079 MD xui-37487017/PURP//CD/E
PAY/ISDT/2025-11-12
:61:251112C000000000403,10N100EREF//OO9T005201174246
NL98RABO0179151762
:86:/EREF/12-11-2025 18:54 7020304182394582/TRCD/100/ORDP//NAME/S. Na
uts/REMI/9071190720 7020304182394582 KV xui-61110329/PURP//CD/EPA
Y/ISDT/2025-11-12
:61:251112C000000000493,20N100EREF//OO9T005201182782
NL61RABO0132267381
:86:/EREF/12-11-2025 18:56 7020266888274714/TRCD/100/ORDP//NAME/H. Ha
zenberg eo W.A. Hazenberg-van der Veen/REMI/9071195191 7020266888
274714 MD xui-58717125/PURP//CD/EPAY/ISDT/2025-11-12
:61:251112C000000001930,35N100EREF//OO9T005201179264
NL20RABO0178239135
:86:/EREF/12-11-2025 18:55 7020645982126568/TRCD/100/ORDP//NAME/E.M. 
Metz/REMI/9071191702 7020645982126568 VM xui-12202935/PURP//CD/EP
AY/ISDT/2025-11-12
:61:251112C000000000052,50N100EREF//OO9T005201190891
NL46RABO0130821381
:86:/EREF/12-11-2025 18:59 7020714497366670/TRCD/100/ORDP//NAME/H. de
n Hartog eo P. Sellmeijer/REMI/9071200498 7020714497366670 HB xui
 27772678/PURP//CD/EPAY/ISDT/2025-11-12
:61:251112C000000000488,12N100EREF//OO9T005201208514
NL46RABO0364788291
:86:/EREF/12-11-2025 19:04 7020916309365221/TRCD/100/ORDP//NAME/J. Vi
sser eo S.B. Boukens/ID/84307978/REMI/9071211153 7020916309365221
 EH xui-99659604/PURP//CD/EPAY/ISDT/2025-11-12
:61:251112C000000000028,50N100EREF//OO9T005201214192
NL96RABO0343322358
:86:/EREF/12-11-2025 19:05 7020194806394456/TRCD/100/ORDP//NAME/G. Mu
lder-Veninga eo R. Mulder/REMI/9071215092 7020194806394456 HH xui
 75103768/PURP//CD/EPAY/ISDT/2025-11-12
:61:251112C000000000036,00N100EREF//OO9T005201222323
NL51RABO0326766529
:86:/EREF/12-11-2025 19:08 7020095688306493/TRCD/100/ORDP//NAME/N.N.M
. Haring eo A.S. Bosgoed/REMI/9071218907 7020095688306493 VN xui-
66315041/PURP//CD/EPAY/ISDT/2025-11-12
:61:251112C000000000607,80N100EREF//OO9T005201233138
NL20RABO0171042026
:86:/EREF/12-11-2025 19:11 7020035100366010/TRCD/100/ORDP//NAME/J. Ta
len/REMI/9071228246 7020035100366010 MD xui-26809973/PURP//CD/EPA
Y/ISDT/2025-11-12
:61:251112C000000000801,52N100EREF//OO9T005201239049
NL25RABO0179546023
:86:/EREF/12-11-2025 19:13 7020196594364759/TRCD/100/ORDP//NAME/M.W. 
Baarslag eo S.J.M. van der Kolk/REMI/9071231761 7020196594364759 
EP xui-61769447/PURP//CD/EPAY/ISDT/2025-11-12
:61:251112C000000000771,25N100EREF//OO9T005201243302
NL87RABO0384111505
:86:/EREF/12-11-2025 19:14 7020836306304867/TRCD/100/ORDP//NAME/H. Do
ppenberg eo M.J. Doppenberg-Hols/REMI/9071235196 7020836306304867
 HB xui-63712211/PURP//CD/EPAY/ISDT/2025-11-12
:61:251112C000000000967,83N100EREF//OO9T005201256143
NL52RABO0144196506
:86:/EREF/12-11-2025 19:18 7020385403154363/TRCD/100/ORDP//NAME/P. De
brauwer eo V.S. Paro/REMI/9071243105 7020385403154363 SL xui-1874
5534/PURP//CD/EPAY/ISDT/2025-11-12
:61:251112C000000000290,88N100EREF//OO9T005201254754
NL33RABO0340712252
:86:/EREF/12-11-2025 19:18 7020036606216025/TRCD/100/ORDP//NAME/M. Ot
ten-Lodeweges/REMI/9071241217 7020036606216025 LH xui-99610895/PU
RP//CD/EPAY/ISDT/2025-11-12
:61:251112C000000000029,50N100EREF//OO9T005201276931
NL47RABO0342826212
:86:/EREF/12-11-2025 19:24 7020305085304675/TRCD/100/ORDP//NAME/J.C.M
. de Wit eo S. de Wit-Zeeman/REMI/9071259009 7020305085304675 KV 
xui-10082586/PURP//CD/EPAY/ISDT/2025-11-12
:61:251112C000000000250,00N541EREF//OO9T005201288901
NL98RABO0360698514
:86:/EREF/OO9B005201288901/PREF/OO9B005201288901/TRCD/541/ORDP//NAME/
C. Pavan eo C. van der Post/REMI/6661093/ISDT/2025-11-12
:61:251112C000000000427,20N100EREF//OO9T005201292087
NL05RABO0158107152
:86:/EREF/12-11-2025 19:29 7020774782305362/TRCD/100/ORDP//NAME/M.A.G
.M. van de Sande eo M.H.C. v.d. Sande-van Kuijk/REMI/9071269044 7
020774782305362 MD xui-97860188/PURP//CD/EPAY/ISDT/2025-11-12
:61:251112C000000001045,20N100EREF//OO9T005201290779
NL94RABO0152063129
:86:/EREF/12-11-2025 19:29 7020644191335914/TRCD/100/ORDP//NAME/J.C.H
.M. Hendriks- Verhoeven/REMI/9071272859 7020644191335914 HH xui-8
1628263/PURP//CD/EPAY/ISDT/2025-11-12
:61:251112C000000000411,63N541EREF//OO9T005201294472
NL53RABO0147794994
:86:/EREF/OO9B005201294472/PREF/OO9B005201294472/TRCD/541/ORDP//NAME/
M.A.M. Schlepers eo M.G.M. Schlepers-Spijker/REMI/reserveringsnum
mer 4974905/ISDT/2025-11-12
:61:251112C000000000546,18N541NONREF//PEIP-20251112129
NL96INGB0005610324
:86:/TRCD/541/ORDP//NAME/Hr J B Buisman/REMI/2306329/ISDT/2025-11-12
:61:251112C000000000630,00N100EREF//OO9T005201306751
NL87RABO0323242065
:86:/EREF/12-11-2025 19:33 7020484800306385/TRCD/100/ORDP//NAME/X. de
 Groot eo M.E. van der Kaaij/REMI/9071281050 7020484800306385 HB 
xui-11492512/PURP//CD/EPAY/ISDT/2025-11-12
:61:251112C000000000059,00N100EREF//OO9T005201307775
NL09RABO0103794743
:86:/EREF/12-11-2025 19:34 7020205988335386/TRCD/100/ORDP//NAME/C.M.C
. de Looff/REMI/9071282013 7020205988335386 KV xui-50317932/PURP/
/CD/EPAY/ISDT/2025-11-12
:61:251112C000000001580,25N541NONREF//PEIP-20251112129
BE83733060371315
:86:/TRCD/541/ORDP//NAME/CONINX-MUNSTERS S + J/REMI/8112936/ISDT/2025
 11-12
:61:251112C000000000540,00N100EREF//OO9T005201315180
NL47RABO0136067123
:86:/EREF/12-11-2025 19:36 7020194203125269/TRCD/100/ORDP//NAME/D.T.V
. Roulaux eo C.L.M. Roulaux-Kuppers/REMI/9071280406 7020194203125
269 HB xui-33176694/PURP//CD/EPAY/ISDT/2025-11-12
:61:251112C000000000030,00N100EREF//OO9T005201315827
NL42RABO0306019264
:86:/EREF/12-11-2025 19:36 7020926300365125/TRCD/100/ORDP//NAME/M. Sc
heer eo J.H.T. Vervoorn/ID/86078143/REMI/9071285024 7020926300365
125 EH xui-70329436/PURP//CD/EPAY/ISDT/2025-11-12
:61:251112C000000003423,92N100EREF//OO9T005201323967
NL23RABO0311186602
:86:/EREF/12-11-2025 19:39 7020275406126310/TRCD/100/ORDP//NAME/J. Aa
ntjes/REMI/9071288517 7020275406126310 PZ xui-31571398/PURP//CD/E
PAY/ISDT/2025-11-12
:61:251112C000000000250,00N100EREF//OO9T005201352934
NL19RABO0139287833
:86:/EREF/12-11-2025 19:48 7020445985334504/TRCD/100/ORDP//NAME/T.J.G
. Keller/REMI/9071302591 7020445985334504 EH xui-47554034/PURP//C
D/EPAY/ISDT/2025-11-12
:61:251112C000000000054,00N100EREF//OO9T005201373876
NL33RABO0353815497
:86:/EREF/12-11-2025 19:54 7020494200335020/TRCD/100/ORDP//NAME/Y.J.M
. van Deursen eo L.H.C. Conde/REMI/9071320804 7020494200335020 HB
 xui-96888576/PURP//CD/EPAY/ISDT/2025-11-12
:61:251112C000000000695,52N100EREF//OO9T005201373298
NL49RABO0130796107
:86:/EREF/12-11-2025 19:54 7020926288395260/TRCD/100/ORDP//NAME/F.J.M
. van Mierlo eo A.H.M. van Mierlo-Fransen/REMI/9071316079 7020926
288395260 EP xui-10391477/PURP//CD/EPAY/ISDT/2025-11-12
:61:251112C000000000028,50N100EREF//OO9T005201384644
NL60RABO0168773155
:86:/EREF/12-11-2025 19:57 7020835685214804/TRCD/100/ORDP//NAME/Z.A.B
. Gietema eo J.R.C.B. Saunders/REMI/9071319795 7020835685214804 H
B xui-28446927/PURP//CD/EPAY/ISDT/2025-11-12
:61:251112C000000000455,20N100EREF//OO9T005201385190
NL73RABO0346158761
:86:/EREF/12-11-2025 19:57 7020255091244963/TRCD/100/ORDP//NAME/G.C. 
Miedema eo M.W. Miedema-Cheizoo/REMI/9071319824 7020255091244963 
SR xui-11462617/PURP//CD/EPAY/ISDT/2025-11-12
:61:251112C000000000938,26N100EREF//OO9T005201390312
NL84RABO0365800287
:86:/EREF/12-11-2025 19:59 7020706009126853/TRCD/100/ORDP//NAME/N. Zw
ier/REMI/9071329121 7020706009126853 VM xui-97206298/PURP//CD/EPA
Y/ISDT/2025-11-12
:61:251112C000000000787,92N100EREF//OO9T005201411394
NL96RABO0341797421
:86:/EREF/12-11-2025 20:05 7020285394274054/TRCD/100/ORDP//NAME/R.M. 
Theissling eo E. van Riet/REMI/9071335833 7020285394274054 EH xui
 24153216/PURP//CD/EPAY/ISDT/2025-11-12
:61:251112C000000000635,20N541NONREF//PEIP-20251112129
BE12731036755392
:86:/TRCD/541/ORDP//NAME/WOUTERS-VAN DE WATER C + P/REMI/Reservatie 6
352516/ISDT/2025-11-12
:61:251112C000000000184,10N100EREF//OO9T005201430011
NL86RABO0177001488
:86:/EREF/12-11-2025 20:11 7020296309366136/TRCD/100/ORDP//NAME/J.G. 
Smid eo F. Dijkstra/REMI/9071351119 7020296309366136 HH xui-27461
648/PURP//CD/EPAY/ISDT/2025-11-12
:61:251112C000000000427,32N100EREF//OO9T005201433772
NL17RABO0349860416
:86:/EREF/12-11-2025 20:13 7020206885125266/TRCD/100/ORDP//NAME/R. Fe
enstra-Postma en of J. Feenstra/REMI/9071353027 7020206885125266 
HE xui-40812695/PURP//CD/EPAY/ISDT/2025-11-12
:61:251112C000000000097,59N541EREF//OO9T005201444060
NL66RABO0149681410
:86:/EREF/OO9B005201444060/PREF/OO9B005201444060/TRCD/541/ORDP//NAME/
K.A.P.A. Arndts/REMI/6889762 Engelen - Arndts/ISDT/2025-11-12
:61:251112C000000000229,40N100EREF//OO9T005201449011
NL73RABO0353117056
:86:/EREF/12-11-2025 20:17 7020495088335335/TRCD/100/ORDP//NAME/P. Ma
ssink eo P.N. Lambeck-Massink/REMI/9071359487 7020495088335335 HH
 xui-84748274/PURP//CD/EPAY/ISDT/2025-11-12
:61:251112C000000000225,35N100EREF//OO9T005201451690
NL80RABO0300735766
:86:/EREF/12-11-2025 20:18 7020156588215800/TRCD/100/ORDP//NAME/A. Ba
rgmans/REMI/9071359651 7020156588215800 HB xui-83351584/PURP//CD/
EPAY/ISDT/2025-11-12
:61:251112C000000000428,12N100EREF//OO9T005201477350
NL09RABO0329012738
:86:/EREF/12-11-2025 20:26 7020595082185458/TRCD/100/ORDP//NAME/J. de
 Quillettes/REMI/9071375022 7020595082185458 EH xui-87055166/PURP
//CD/EPAY/ISDT/2025-11-12
:61:251112C000000000419,12N541NONREF//PEIP-20251112129
NL06INGB0659602725
:86:/TRCD/541/ORDP//NAME/Hr WJ Prijs,Mw HT Stienstra/REMI/reservering
snummer 623486 familie prijs/ISDT/2025-11-12
:61:251112C000000000526,44N541EREF//OO9T005201483895
NL22RABO0111967244
:86:/EREF/OO9B005201483895/PREF/OO9B005201483895/TRCD/541/ORDP//NAME/
K. Bevers eo P. Harinck/REMI/8172348/ISDT/2025-11-12
:61:251112C000000002545,75N100EREF//OO9T005201468966
NL50RABO0131911686
:86:/EREF/12-11-2025 20:23 7020116282305758/TRCD/100/ORDP//NAME/M.W.M
. van Rijbroek/REMI/9071370281 7020116282305758 VN xui-79742547/P
URP//CD/EPAY/ISDT/2025-11-12
:61:251112C000000000602,70N100EREF//OO9T005201485626
NL59RABO0131621785
:86:/EREF/12-11-2025 20:28 7020436288276745/TRCD/100/ORDP//NAME/D. Ro
elofs/REMI/9071380823 7020436288276745 EH xui-59802184/PURP//CD/E
PAY/ISDT/2025-11-12
:61:251112C000000000621,85N100EREF//OO9T005201490006
NL23RABO0130728578
:86:/EREF/12-11-2025 20:30 7020795982125293/TRCD/100/ORDP//NAME/M.A.W
. Henkelman/REMI/9071385442 7020795982125293 KV xui-83969098/PURP
//CD/EPAY/ISDT/2025-11-12
:61:251112C000000000410,10N100EREF//OO9T005201496358
NL86RABO0323082033
:86:/EREF/12-11-2025 20:32 7020114203304459/TRCD/100/ORDP//NAME/F. va
n Gorkum eo M.A.L.J. Mertens/REMI/9071390279 7020114203304459 LH 
xui-55416143/PURP//CD/EPAY/ISDT/2025-11-12
:61:251112C000000001840,80N100EREF//OO9T005201492286
NL35RABO0313643881
:86:/EREF/12-11-2025 20:30 7020265103306856/TRCD/100/ORDP//NAME/J.M. 
Landman eo J.M. Munster/REMI/9071382839 7020265103306856 HH xui-6
4055940/PURP//CD/EPAY/ISDT/2025-11-12
:61:251112C000000001364,75N100EREF//OO9T005201504708
NL97RABO0302725512
:86:/EREF/12-11-2025 20:34 7020146588186892/TRCD/100/ORDP//NAME/A. Go
selink/REMI/9071390756 7020146588186892 SR xui-43875539/PURP//CD/
EPAY/ISDT/2025-11-12
:61:251112C000000000132,90N100EREF//OO9T005201515628
NL71RABO0316977608
:86:/EREF/12-11-2025 20:38 7020455106246001/TRCD/100/ORDP//NAME/F.F.M
. Mertens eo S.A.H. Vullings/REMI/9071397872 7020455106246001 VM 
xui-89483132/PURP//CD/EPAY/ISDT/2025-11-12
:61:251112C000000001451,56N541EREF//OO9T005201519783
NL46RABO0365473111
:86:/EREF/OO9B005201519783/PREF/OO9B005201519783/TRCD/541/ORDP//NAME/
B.J. Lemmens eo C. Zoontjens/REMI/Reserveringsnummer 7560418/ISDT
/2025-11-12
:61:251112C000000000571,24N100EREF//OO9T005201518577
NL59RABO0131621785
:86:/EREF/12-11-2025 20:39 7020596591366559/TRCD/100/ORDP//NAME/D. Ro
elofs/REMI/9071403837 7020596591366559 EH xui-59802184/PURP//CD/E
PAY/ISDT/2025-11-12
:61:251112C000000000400,00N541NONREF//PEIP-20251112129
NL54INGB0005338607
:86:/TRCD/541/ORDP//NAME/Hr J Rhijnsburger e/o Mw Y E Rhijnsburger-V 
Marle/REMI/Reservering 4326331 dd. 27 april tot 4 mei 2026 Vossem
eren/ISDT/2025-11-12
:61:251112C000000000570,20N100EREF//OO9T005201542083
NL02RABO0321767934
:86:/EREF/12-11-2025 20:46 7020416288366331/TRCD/100/ORDP//NAME/H. Si
jtema/REMI/9071417001 7020416288366331 KV xui-73877652/PURP//CD/E
PAY/ISDT/2025-11-12
:61:251112C000000000833,90N100EREF//OO9T005201550439
NL71RABO0375707034
:86:/EREF/12-11-2025 20:49 7020085094276775/TRCD/100/ORDP//NAME/D.H. 
Bondt eo S.E.M. van Schie/REMI/9071417402 7020085094276775 MD xui
 66328275/PURP//CD/EPAY/ISDT/2025-11-12
:61:251112C000000001212,60N100EREF//OO9T005201561725
NL31RABO0122521846
:86:/EREF/12-11-2025 20:53 7020254809366103/TRCD/100/ORDP//NAME/J. Ve
enstra/REMI/9071427803 7020254809366103 HH xui-26111669/PURP//CD/
EPAY/ISDT/2025-11-12
:61:251112C000000000464,16N100EREF//OO9T005201570132
NL97RABO0309358566
:86:/EREF/12-11-2025 20:55 7020264506366295/TRCD/100/ORDP//NAME/D.S. 
Vos/REMI/9071432497 7020264506366295 EH xui-81158361/PURP//CD/EPA
Y/ISDT/2025-11-12
:61:251112C000000000438,22N100EREF//OO9T005201569153
NL82RABO0105422738
:86:/EREF/12-11-2025 20:55 7020745109125077/TRCD/100/ORDP//NAME/I.M.J
. Verhezen/REMI/9071430277 7020745109125077 PZ xui-81192174/PURP/
/CD/EPAY/ISDT/2025-11-12
:61:251112C000000000054,00N100EREF//OO9T005201568551
NL31RABO0312654359
:86:/EREF/12-11-2025 20:55 7020324491124588/TRCD/100/ORDP//NAME/M. Ka
nt/REMI/9071431575 7020324491124588 KV xui-90358614/PURP//CD/EPAY
/ISDT/2025-11-12
:61:251112C000000001200,36N100EREF//OO9T005201600150
NL62RABO0184535425
:86:/EREF/12-11-2025 21:05 7020554794156079/TRCD/100/ORDP//NAME/H.T. 
Schippers/REMI/9071450556 7020554794156079 KM xui-42640461/PURP//
CD/EPAY/ISDT/2025-11-12
:61:251112C000000001407,47N100EREF//OO9T005201608998
NL40RABO0393292819
:86:/EREF/12-11-2025 21:08 7020384191336178/TRCD/100/ORDP//NAME/D.S. 
van Asselt-van den Brink eo A. van Asselt/REMI/9071452429 7020384
191336178 KV xui-48667494/PURP//CD/EPAY/ISDT/2025-11-12
:61:251112C000000001227,00N100EREF//OO9T005201608727
NL68RABO0315886218
:86:/EREF/12-11-2025 21:08 7020344206336112/TRCD/100/ORDP//NAME/E. Sc
hreuders/REMI/9071453701 7020344206336112 MD xui-25647852/PURP//C
D/EPAY/ISDT/2025-11-12
:61:251112C000000000225,60N100EREF//OO9T005201613825
NL74RABO0106462431
:86:/EREF/12-11-2025 21:10 7020646603245596/TRCD/100/ORDP//NAME/E.G.M
. Kuipers/REMI/9071459142 7020646603245596 HB xui-39725985/PURP//
CD/EPAY/ISDT/2025-11-12
:61:251112C000000000316,48N100EREF//OO9T005201621866
NL20RABO0154835072
:86:/EREF/12-11-2025 21:13 7020576594215539/TRCD/100/ORDP//NAME/I.M.Y
. Peeters/REMI/9071465191 7020576594215539 MD xui-72710475/PURP//
CD/EPAY/ISDT/2025-11-12
:61:251112C000000000589,29N100EREF//OO9T005201640000
NL10RABO0309492343
:86:/EREF/12-11-2025 21:19 7020095685305440/TRCD/100/ORDP//NAME/H. Be
ltman eo A. Beltman-Schotveld/REMI/9071472541 7020095685305440 SL
 xui-43677991/PURP//CD/EPAY/ISDT/2025-11-12
:61:251112C000000000417,20N100EREF//OO9T005201639819
NL02RABO0154774286
:86:/EREF/12-11-2025 21:19 7020185103184912/TRCD/100/ORDP//NAME/C.G. 
Wammes eo A.M. Wammes-Vermeulen/REMI/9071472536 7020185103184912 
MD xui-72319003/PURP//CD/EPAY/ISDT/2025-11-12
:61:251112C000000000467,24N100EREF//OO9T005201641989
NL43RABO0351973966
:86:/EREF/12-11-2025 21:19 7020036288305905/TRCD/100/ORDP//NAME/J.A. 
de Jong eo J.D. de Jong-Hoogendijk/REMI/9071476895 70200362883059
05 EH xui-29612457/PURP//CD/EPAY/ISDT/2025-11-12
:61:251112C000000000325,10N100EREF//OO9T005201652310
NL73RABO0112234046
:86:/EREF/12-11-2025 21:23 7020504503395509/TRCD/100/ORDP//NAME/L. va
n den Elshout/REMI/9071479540 7020504503395509 HH xui-38015045/PU
RP//CD/EPAY/ISDT/2025-11-12
:61:251112C000000000554,24N100EREF//OO9T005201660373
NL11RABO0174909675
:86:/EREF/12-11-2025 21:26 7020105391275605/TRCD/100/ORDP//NAME/C.M. 
Noordenbos-Horn eo K. Noordenbos/REMI/9071484075 7020105391275605
 EH xui-35337095/PURP//CD/EPAY/ISDT/2025-11-12
:61:251112C000000000059,00N100EREF//OO9T005201668785
NL95RABO0158082931
:86:/EREF/12-11-2025 21:28 7020384497126379/TRCD/100/ORDP//NAME/T. We
zelman eo F. Wezelman-Hartman/REMI/9071493187 7020384497126379 KV
 xui-90895703/PURP//CD/EPAY/ISDT/2025-11-12
:61:251112C000000000349,40N100EREF//OO9T005201677371
NL05RABO0189054905
:86:/EREF/12-11-2025 21:31 7020644797126184/TRCD/100/ORDP//NAME/D.A.J
. van Esch/REMI/9071494819 7020644797126184 KV xui-91953084/PURP/
/CD/EPAY/ISDT/2025-11-12
:61:251112C000000000529,48N100EREF//OO9T005201685272
NL31RABO0135417511
:86:/EREF/12-11-2025 21:34 7020946591216406/TRCD/100/ORDP//NAME/L. va
n der Wel eo J.J. Endhoven/REMI/9071503601 7020946591216406 VM xu
i-77099991/PURP//CD/EPAY/ISDT/2025-11-12
:61:251112C000000000200,00N541EREF//OO9T005201690824
NL73RABO0306137046
:86:/EREF/OO9B005201690824/PREF/OO9B005201690824/TRCD/541/ORDP//NAME/
A.C.de Been/REMI/417492/ISDT/2025-11-12
:61:251112C000000000385,60N100EREF//OO9T005201690782
NL42RABO0320487687
:86:/EREF/12-11-2025 21:36 7020185997366472/TRCD/100/ORDP//NAME/A. va
n der Meer-Molter/REMI/9071502830 7020185997366472 HH xui-4425933
2/PURP//CD/EPAY/ISDT/2025-11-12
:61:251112C000000001414,55N100EREF//OO9T005201689321
NL37RABO0145418685
:86:/EREF/12-11-2025 21:35 7020744203365977/TRCD/100/ORDP//NAME/G.J.R
. Kalenkamp/REMI/9071501939 7020744203365977 KV xui-32377493/PURP
//CD/EPAY/ISDT/2025-11-12
:61:251112C000000000258,96N100EREF//OO9T005201693080
NL92RABO0306255820
:86:/EREF/12-11-2025 21:37 7020514191396445/TRCD/100/ORDP//NAME/J. va
n der Laan/REMI/9071504140 7020514191396445 HH xui-84736114/PURP/
/CD/EPAY/ISDT/2025-11-12
:61:251112C000000000279,60N100EREF//OO9T005201693895
NL71RABO0337163308
:86:/EREF/12-11-2025 21:37 7020954506184096/TRCD/100/ORDP//NAME/M.M. 
Visser/REMI/9071508339 7020954506184096 HB xui-42549785/PURP//CD/
EPAY/ISDT/2025-11-12
:61:251112C000000000843,40N100EREF//OO9T005201697622
NL77RABO0122657691
:86:/EREF/12-11-2025 21:38 7020695985336253/TRCD/100/ORDP//NAME/V.S. 
Thakoersingh/REMI/9071511183 7020695985336253 HH xui-28678754/PUR
P//CD/EPAY/ISDT/2025-11-12
:61:251112C000000005564,75N100EREF//OO9T005201695435
NL95RABO0358224195
:86:/EREF/12-11-2025 21:38 7020854485245866/TRCD/100/ORDP//NAME/A.J.P
. Dukker eo M.A. Dukker-Poot/REMI/9071509145 7020854485245866 KV 
xui-74810431/PURP//CD/EPAY/ISDT/2025-11-12
:61:251112C000000000510,16N100EREF//OO9T005201699291
NL20RABO0367937573
:86:/EREF/12-11-2025 21:39 7020076282274870/TRCD/100/ORDP//NAME/A.H. 
Boer/REMI/9071508665 7020076282274870 KV xui-63472613/PURP//CD/EP
AY/ISDT/2025-11-12
:61:251112C000000000979,60N100EREF//OO9T005201711010
NL06RABO0302495126
:86:/EREF/12-11-2025 21:43 7020635697275068/TRCD/100/ORDP//NAME/R.M.M
. de Bruin eo K.H.S.M. de Bruin/REMI/9071514386 7020635697275068 
KV xui-14172095/PURP//CD/EPAY/ISDT/2025-11-12
:61:251112C000000000409,70N100EREF//OO9T005201722752
NL28RABO0134395670
:86:/EREF/12-11-2025 21:47 7020106603125704/TRCD/100/ORDP//NAME/R.M.H
. Wetzels/REMI/9071523750 7020106603125704 EP xui-13911130/PURP//
CD/EPAY/ISDT/2025-11-12
:61:251112C000000000400,10N100EREF//OO9T005201735663
NL79RABO0360799639
:86:/EREF/12-11-2025 21:52 7020105109275614/TRCD/100/ORDP//NAME/J. Du
ursma/REMI/9071531611 7020105109275614 HH xui-94440225/PURP//CD/E
PAY/ISDT/2025-11-12
:61:251112C000000001426,00N100EREF//OO9T005201741044
NL92RABO0108503666
:86:/EREF/12-11-2025 21:54 7020656888246586/TRCD/100/ORDP//NAME/M. va
n der Werf eo T.M. van der Werf-van Zoest/REMI/9071530293 7020656
888246586 HH xui-19341892/PURP//CD/EPAY/ISDT/2025-11-12
:61:251112C000000000468,60N100EREF//OO9T005201740749
NL17RABO0371432537
:86:/EREF/12-11-2025 21:54 7020525100216880/TRCD/100/ORDP//NAME/L. Eg
bers eo F.F.W. Mulder/REMI/9071538211 7020525100216880 HB xui-626
10843/PURP//CD/EPAY/ISDT/2025-11-12
:61:251112C000000001137,10N100EREF//OO9T005201741982
NL75RABO0314541284
:86:/EREF/12-11-2025 21:54 7020304200124339/TRCD/100/ORDP//NAME/E.M. 
den Engelsman eo E.T.J. Ferket/REMI/9071538274 7020304200124339 K
V xui-75745743/PURP//CD/EPAY/ISDT/2025-11-12
:61:251112C000000000165,00N100EREF//OO9T005201757420
NL07RABO0340112581
:86:/EREF/12-11-2025 22:00 7020495088364762/TRCD/100/ORDP//NAME/Mts. 
BC vder Horst CLNE vderHorst/REMI/9071547514 7020495088364762 VN 
xui-49224587/PURP//CD/EPAY/ISDT/2025-11-12
:61:251112C000000000319,32N100EREF//OO9T005201761826
NL62RABO0142244783
:86:/EREF/12-11-2025 22:01 7020225385334282/TRCD/100/ORDP//NAME/A. Ak
ihary eo C.W.E. Hoekstra/ID/62359304/REMI/9071551088 702022538533
4282 PZ xui-10755851/PURP//CD/EPAY/ISDT/2025-11-12
:61:251112C000000000754,48N100EREF//OO9T005201769475
NL23RABO0341953547
:86:/EREF/12-11-2025 22:04 7020666591215110/TRCD/100/ORDP//NAME/M.C.v
an Amerongen/REMI/9071555175 7020666591215110 PZ xui-42394815/PUR
P//CD/EPAY/ISDT/2025-11-12
:61:251112C000000000473,90N100EREF//OO9T005201767172
NL83RABO0181063611
:86:/EREF/12-11-2025 22:03 7020486006364453/TRCD/100/ORDP//NAME/M.J.M
. Verleisdonk/REMI/9071553209 7020486006364453 HB xui-42777611/PU
RP//CD/EPAY/ISDT/2025-11-12
:61:251112C000000000485,10N100EREF//OO9T005201767011
NL91RABO0178225053
:86:/EREF/12-11-2025 22:03 7020495400364468/TRCD/100/ORDP//NAME/L. El
zinga/REMI/9071551390 7020495400364468 HH xui-31197975/PURP//CD/E
PAY/ISDT/2025-11-12
:61:251112C000000003888,60N100EREF//OO9T005201778178
NL48RABO0161714196
:86:/EREF/12-11-2025 22:07 7020916909124291/TRCD/100/ORDP//NAME/M.J.O
. Hofmans-Kok/REMI/9071559147 7020916909124291 ZV xui-67543452/PU
RP//CD/EPAY/ISDT/2025-11-12
:61:251112C000000000007,00N100EREF//OO9T005201779438
NL46RABO0343920778
:86:/EREF/12-11-2025 22:07 7020744188396565/TRCD/100/ORDP//NAME/R.H.J
. Janssen eo M. Nieuwenhuizen/REMI/9071559205 7020744188396565 VM
 xui-34414675/PURP//CD/EPAY/ISDT/2025-11-12
:61:251112C000000000316,32N100EREF//OO9T005201782262
NL46RABO0325731047
:86:/EREF/12-11-2025 22:08 7020524500246220/TRCD/100/ORDP//NAME/A. Mu
lder/REMI/9071562131 7020524500246220 HB xui-10167231/PURP//CD/EP
AY/ISDT/2025-11-12
:61:251112C000000000634,22N100EREF//OO9T005201792356
NL37RABO0361732759
:86:/EREF/12-11-2025 22:12 7020404788365062/TRCD/100/ORDP//NAME/M. de
 Bruijn/REMI/9071568218 7020404788365062 PZ xui-49622721/PURP//CD
/EPAY/ISDT/2025-11-12
:61:251112C000000000637,74N100EREF//OO9T005201792110
NL12RABO0155698710
:86:/EREF/12-11-2025 22:12 7020426000154417/TRCD/100/ORDP//NAME/J. Pr
ins/REMI/9071566703 7020426000154417 EH xui-15850682/PURP//CD/EPA
Y/ISDT/2025-11-12
:61:251112C000000000061,50N100EREF//OO9T005201794240
NL25RABO0379097915
:86:/EREF/12-11-2025 22:13 7020766288244549/TRCD/100/ORDP//NAME/L. Li
chtendonk - Ham/REMI/9071569255 7020766288244549 HH xui-85843055/
PURP//CD/EPAY/ISDT/2025-11-12
:61:251112C000000000492,60N100EREF//OO9T005201796955
NL89RABO0137527381
:86:/EREF/12-11-2025 22:14 7020495685394636/TRCD/100/ORDP//NAME/M.A. 
van der Biezen/REMI/9071569472 7020495685394636 EP xui-89128777/P
URP//CD/EPAY/ISDT/2025-11-12
:61:251112C000000001125,00N541NONREF//PEIP-20251112129
NL46INGB0004750931
:86:/TRCD/541/ORDP//NAME/DENNIS ROELOFSEN/REMI/reserveringsnummer 323
4943/ISDT/2025-11-12
:61:251112C000000000787,59N100EREF//OO9T005201811145
NL05RABO0141870516
:86:/EREF/12-11-2025 22:19 7020624494156295/TRCD/100/ORDP//NAME/J. Ro
s-Blanken eo M. Ros/REMI/9071577116 7020624494156295 PZ xui-71285
650/PURP//CD/EPAY/ISDT/2025-11-12
:61:251112C000000000708,57N100EREF//OO9T005201814332
NL53RABO0120912317
:86:/EREF/12-11-2025 22:20 7020535988334192/TRCD/100/ORDP//NAME/S.J.M
. Poppe/REMI/9071575693 7020535988334192 HH xui-93501722/PURP//CD
/EPAY/ISDT/2025-11-12
:61:251112C000000000763,85N100EREF//OO9T005201820706
NL07RABO0320585026
:86:/EREF/12-11-2025 22:23 7020016900245692/TRCD/100/ORDP//NAME/J.C.M
. de Rijck eo A.E. de Rijck-Serrarens/REMI/9071582977 70200169002
45692 HA xui-46215537/PURP//CD/EPAY/ISDT/2025-11-12
:61:251112C000000000737,92N100EREF//OO9T005201817332
NL73RABO0121007405
:86:/EREF/12-11-2025 22:21 7020385709184204/TRCD/100/ORDP//NAME/S.L. 
van Melis eo W.E.W. van Melis - Claassen/REMI/9071580839 70203857
09184204 BD xui-75379140/PURP//CD/EPAY/ISDT/2025-11-12
:61:251112C000000000342,00N100EREF//OO9T005201862105
NL21RABO0310597072
:86:/EREF/12-11-2025 22:39 7020145985304657/TRCD/100/ORDP//NAME/D.G.A
. Hemmer/REMI/9071609502 7020145985304657 TH xui-92224295/PURP//C
D/EPAY/ISDT/2025-11-12
:61:251112C000000000508,83N100EREF//OO9T005201867602
NL41RABO0153133120
:86:/EREF/12-11-2025 22:42 7020016006246100/TRCD/100/ORDP//NAME/A.M.A
. Beckers/REMI/9071612905 7020016006246100 AR xui-10116072/PURP//
CD/EPAY/ISDT/2025-11-12
:61:251112C000000000299,74N100EREF//OO9T005201874470
NL43RABO0368739155
:86:/EREF/12-11-2025 22:45 7020094794124513/TRCD/100/ORDP//NAME/C. va
n Bergeijk eo J.D. van Bergeijk-Bikker/REMI/9071613347 7020094794
124513 PZ xui-35023123/PURP//CD/EPAY/ISDT/2025-11-12
:61:251112C000000000875,40N100EREF//OO9T005201884027
NL57RABO0132302179
:86:/EREF/12-11-2025 22:49 7020705085365164/TRCD/100/ORDP//NAME/T.H. 
Douwstra eo N.N. Koenders/REMI/9071619284 7020705085365164 HH xui
 20507454/PURP//CD/EPAY/ISDT/2025-11-12
:61:251112C000000000333,50N100EREF//OO9T005201891553
NL78RABO0113847939
:86:/EREF/12-11-2025 22:53 7020556609245242/TRCD/100/ORDP//NAME/Rob J
acobs Tuinaanleg/REMI/9071629407 7020556609245242 LH xui-34530367
/PURP//CD/EPAY/ISDT/2025-11-12
:61:251112C000000000371,00N100EREF//OO9T005201899817
NL34RABO0316360287
:86:/EREF/12-11-2025 22:57 7020605106395002/TRCD/100/ORDP//NAME/M.H.M
. van Dongen eo B.C.C. Antonissen/REMI/9071634095 702060510639500
2 TH xui-11125319/PURP//CD/EPAY/ISDT/2025-11-12
:61:251112C000000000619,88N100EREF//OO9T005201904768
NL92RABO0351787232
:86:/EREF/12-11-2025 23:00 7020985088365092/TRCD/100/ORDP//NAME/H. Ro
osenburg eo S. Herps/REMI/9071635287 7020985088365092 BT xui-5777
0320/PURP//CD/EPAY/ISDT/2025-11-12
:61:251112C000000000127,08N541EREF//PEIP-20251112129
NL78ABNA0595631924
:86:/EREF/TBK643496/TRCD/541/ORDP//NAME/SIERS LEIDING MONTAGE PR/REMI
/Factuur 2025.3022311/001/ISDT/2025-11-12
:61:251112C000000001318,50N100EREF//OO9T005201922207
NL24RABO0160663148
:86:/EREF/12-11-2025 23:09 7020286603336358/TRCD/100/ORDP//NAME/Annek
e Bliek-Monsma/REMI/9071649437 7020286603336358 AG xui-28983913/P
URP//CD/EPAY/ISDT/2025-11-12
:61:251112C000000000412,16N100EREF//OO9T005201940027
NL92RABO0145781348
:86:/EREF/12-11-2025 23:20 7020246594246268/TRCD/100/ORDP//NAME/W.A. 
Kooyman/REMI/9071658488 7020246594246268 EH xui-74817188/PURP//CD
/EPAY/ISDT/2025-11-12
:61:251112C000000000834,23N541EREF//PEIP-20251112129
NL26INGB0002748532
:86:/EREF/Aanbetaling/TRCD/541/ORDP//NAME/Hr J Pieterman, Mw MAEM Pie
terman-Etman/REMI/Reserveringsnr. 790857/ISDT/2025-11-12
:61:251112C000000001136,40N100EREF//OO9T005201958443
NL07RABO0332606333
:86:/EREF/12-11-2025 23:34 7020945109396541/TRCD/100/ORDP//NAME/N.J. 
Kleinherenbrink eo M.M.G. Hindriks/REMI/9071680414 70209451093965
41 EP xui-11586642/PURP//CD/EPAY/ISDT/2025-11-12
:62F:C251112EUR000000092085,12
:64:C251112EUR000000092085,12
:65:C251113EUR000000092085,12
:65:C251114EUR000000092085,12
:65:C251115EUR000000092085,12
:65:C251116EUR000000092085,12
:20:940S251112
:25:NL08RABO0100929575 EUR
:28C:25316
:60F:C251111EUR000000047666,25
:61:251112D000000000500,00N064MARF//43255609676
IE07CITI99005111475051
:86:/MARF/29430387/EREF/GG10464Z6O/TRCD/064/ORDP//NAME/Google Ireland
 Limited/REMI/ADWORDS:6936766760:GG10464Z6O/CSID/IE19ZZZ361694
:61:251112C000000001000,00N541NONREF//PEIP-20251112129
BE65731020149396
:86:/TRCD/541/ORDP//NAME/JANSSENS-THIJS K + K/REMI/COTTAGE 736 CP DE 
EEMHOF/ISDT/2025-11-12
:62F:C251112EUR000000048166,25
:64:C251112EUR000000048166,25
:65:C251113EUR000000048166,25
:65:C251114EUR000000048166,25
:65:C251115EUR000000048166,25
:65:C251116EUR000000048166,25
:20:940S251112
:25:NL30RABO0100929567 EUR
:28C:25316
:60F:C251111EUR000000000000,00
:62F:C251112EUR000000000000,00
:64:C251112EUR000000000000,00
:65:C251113EUR000000000000,00
:65:C251114EUR000000000000,00
:65:C251115EUR000000000000,00
:65:C251116EUR000000000000,00
:20:940S251112
:25:NL35RABO0100924530 EUR
:28C:25316
:60F:C251111EUR000000000000,00
:61:251112C000000000275,00N541NONREF//PEIP-20251112128
NL73KNAB0255798261
:86:/TRCD/541/ORDP//NAME/Sealand Diving/REMI/Factuur 148026791/ISDT/2
025-11-12
:61:251112C000000006216,75N541EREF//43265067715
DE17370601930000016209
:86:/EREF/OLPAYMENTTAN.1.58451/TRCD/541/ORDP//NAME/Kath. Soldatenseel
sorge AdoeR/REMI/148026709+148026540  ,Unsere ID: 02402028/ISDT/2
025-11-12
:61:251112C000000003837,49N541EREF//OO9T005200440898
NL51RABO0139214798
:86:/EREF/OO9B005200440898/PREF/OO9B005200440898/TRCD/541/ORDP//NAME/
MP Motorsport B.V./REMI/fact. 148026778/ISDT/2025-11-12
:61:251112C000000000085,81N541EREF//OO9T005200847753
NL58RABO0349535310
:86:/EREF/OO9B005200847753/PREF/OO9B005200847753/TRCD/541/ORDP//NAME/
B.J.H. Reintjes/REMI/Klantnummer 1033098 Factuurnummer 148026781/
ISDT/2025-11-12
:61:251112D000000010415,05N625NONREF//NP8A000253382610
NL31RABO0300087233
:86:/EREF/POYTCPE2025000003561/TRCD/625/BENM//NAME/Center Parcs Europ
e N.V./REMI/CPES111200009 CC100924530/300087233/INIT//NAME/Center
 Parcs Netherlands N.V.
:61:251112C000000021176,89N541NONREF//PEIP-20251112129
NL46KNAB0255552173
:86:/TRCD/541/ORDP//NAME/Viencon B.V./REMI/Klantnummer: 1016990 Factu
urnummer: 148026752/ISDT/2025-11-12
:62F:C251112EUR000000021176,89
:64:C251112EUR000000021176,89
:65:C251113EUR000000021176,89
:65:C251114EUR000000021176,89
:65:C251115EUR000000021176,89
:65:C251116EUR000000021176,89
:20:940S251112
:25:NL92RABO0300002424 EUR
:28C:25316
:60F:C251111EUR000000010013,00
:61:251112C000000003299,14N08500203163 2025111//NP8A000253141602
NL73RABO0350800502
:86:/EREF/20251112_1_1/TRCD/1085/ORDP//NAME/Rabobank Smart Pay/REMI/R
abo Smart Pay omzet bijschrijving Transacties van: 2025-11-11 Ver
kpnt_00203163 20251112_1
:61:251112C000000000013,00N541NONREF//PEIP-20251112127
BE97063403909449
:86:/TRCD/541/ORDP//NAME/MAUPOINT GREGORY/REMI/Chalet 504  telephone 
samsung noir et ecran casse/ISDT/2025-11-12
:61:251112C000000003173,67N541EREF//43264529564
DE63500109000017902014
:86:/EREF/1003494460.366243/TRCD/541/ORDP//NAME/TRAVELSCAPE, LLC/REMI
/332623251/ULTD//NAME/TRAVELSCAPE, LLC/ISDT/2025-11-12
:61:251112C000000001244,64N541EREF//43264529432
DE63500109000017902014
:86:/EREF/1003494375.366243/TRCD/541/ORDP//NAME/TRAVELSCAPE, LLC/REMI
/332623253/ULTD//NAME/TRAVELSCAPE, LLC/ISDT/2025-11-12
:61:251112C000000000243,73N541EREF//43264836899
NL98DEUT0265294304
:86:/EREF/AMEXSCT95301309622531405320000836C0/TRCD/541/ORDP//NAME/AME
RICAN EXPRESS PAYMENTS EUROPE/REMI/AMEX/SE9530130962/DT289/GR249.
85/DI-6.12/EEMHOF  BUNGALOW PARK DE//ISDT/2025-11-12
:61:251112C000000004952,99N541EREF//43265078330
NL92ADYB2017400998
:86:/EREF/TX54993628000XT/TRCD/541/ORDP//NAME/Adyen N.V./REMI/TX54993
628000XT batch 895, CP-EH-ECOM/ISDT/2025-11-12
:61:251112C000000006855,00N113ROM-C-20251112-0//OM1T003822730562
NL71RABO0350802769
:86:/EREF/1557205544361360/TRCD/113/ORDP//NAME/Rabobank Inzake Brink'
s DGV/REMI/Brinks Cash Solutions G62496 11-11-2025 821893486324
:61:251112D000000019795,17N625OO9T005200795693//OO9T005200795693
NL31RABO0300087233
:86:/EREF/POYTCPE2025000003559/TRCD/625/BENM//NAME/Center Parcs Europ
e N.V./REMI/CPES111200007 SWEEPING RBCP/SWEEPNL92RABO0300002424 E
URNL31RABO0300087233 EUR
:62F:C251112EUR000000010000,00
:64:C251112EUR000000010000,00
:65:C251113EUR000000010000,00
:65:C251114EUR000000010000,00
:65:C251115EUR000000010000,00
:65:C251116EUR000000010000,00
:20:940S251112
:25:NL84RABO0100902987 EUR
:28C:25316
:60F:C251111EUR000000010000,00
:61:251112C000000000706,75N08500203165 2025111//NP8A000253216340
NL73RABO0350800502
:86:/EREF/20251112_1_2/TRCD/1085/ORDP//NAME/Rabobank Smart Pay/REMI/R
abo Smart Pay omzet bijschrijving Transacties van: 2025-11-11 Ver
kpnt_00203165 20251112_1
:61:251112C000000001645,17N08500203166 2025111//NP8A000253172578
NL73RABO0350800502
:86:/EREF/20251112_1_1/TRCD/1085/ORDP//NAME/Rabobank Smart Pay/REMI/R
abo Smart Pay omzet bijschrijving Transacties van: 2025-11-11 Ver
kpnt_00203166 20251112_1
:61:251112C000000002819,18N541EREF//43264529827
DE63500109000017902014
:86:/EREF/1003494408.366243/TRCD/541/ORDP//NAME/TRAVELSCAPE, LLC/REMI
/332623269/ULTD//NAME/TRAVELSCAPE, LLC/ISDT/2025-11-12
:61:251112C000000027084,23N541EREF//43264529563
DE63500109000017902014
:86:/EREF/1003494086.366243/TRCD/541/ORDP//NAME/TRAVELSCAPE, LLC/REMI
/332623264/ULTD//NAME/TRAVELSCAPE, LLC/ISDT/2025-11-12
:61:251112C000000000027,81N541EREF//43264835853
NL98DEUT0265294304
:86:/EREF/AMEXSCT95301361262531405320000849C0/TRCD/541/ORDP//NAME/AME
RICAN EXPRESS PAYMENTS EUROPE/REMI/AMEX/SE9530136126/DT289/GR28.5
0/DI-0.69/ZANDVOORT SLIJTERIJ//ISDT/2025-11-12
:61:251112C000000000081,10N541EREF//43265063019
NL92ADYB2017400998
:86:/EREF/TX54989187000XT/TRCD/541/ORDP//NAME/Adyen N.V./REMI/TX54989
187000XT batch 540, CP-ZV-RETAIL/ISDT/2025-11-12
:61:251112C000000002185,01N541EREF//43265062136
NL92ADYB2017400998
:86:/EREF/TX54990924700XT/TRCD/541/ORDP//NAME/Adyen N.V./REMI/TX54990
924700XT batch 1122, CP-ZV-ECOM/ISDT/2025-11-12
:61:251112D000000034549,25N625OO9T005200795686//OO9T005200795686
NL31RABO0300087233
:86:/EREF/POYTCPE2025000003555/TRCD/625/BENM//NAME/Center Parcs Europ
e N.V./REMI/CPES111200003 SWEEPING RBCP/SWEEPNL84RABO0100902987 E
URNL31RABO0300087233 EUR
:62F:C251112EUR000000010000,00
:64:C251112EUR000000010000,00
:65:C251113EUR000000010000,00
:65:C251114EUR000000010000,00
:65:C251115EUR000000010000,00
:65:C251116EUR000000010000,00
:20:940S251112
:25:NL49RABO0101012063 EUR
:28C:25316
:60F:C251111EUR000000051106,08
:61:251112C000000001638,00N100EREF//43264061025
NL70INGB0668517328
:86:/EREF/11-11-2025 21:53 7020025706187999/TRCD/100/ORDP//NAME/Mw AH
 Kloosterman, Hr J Brouha/REMI/9069154513 7020025706187999 BPL/PU
RP//CD/EPAY/ISDT/2025-11-12
:61:251112C000000001681,80N100EREF//OO9T005201681863
NL82RABO0355457989
:86:/EREF/12-11-2025 21:33 7020944794394081/TRCD/100/ORDP//NAME/F.P. 
de Roon/REMI/9071498464 7020944794394081 FWL xui-20564726/PURP//C
D/EPAY/ISDT/2025-11-12
:62F:C251112EUR000000054425,88
:64:C251112EUR000000054425,88
:65:C251113EUR000000054425,88
:65:C251114EUR000000054425,88
:65:C251115EUR000000054425,88
:65:C251116EUR000000054425,88
:20:940S251112
:25:NL14RABO0118337572 EUR
:28C:25316
:60F:C251111EUR000000040718,69
:62F:C251112EUR000000040718,69
:64:C251112EUR000000040718,69
:65:C251113EUR000000040718,69
:65:C251114EUR000000040718,69
:65:C251115EUR000000040718,69
:65:C251116EUR000000040718,69
:20:940S251112
:25:NL06RABO0100902936 EUR
:28C:25316
:60F:C251111EUR000000010000,00
:61:251112C000000004604,78N08500203159 2025111//NP8A000253154042
NL73RABO0350800502
:86:/EREF/20251112_1_2/TRCD/1085/ORDP//NAME/Rabobank Smart Pay/REMI/R
abo Smart Pay omzet bijschrijving Transacties van: 2025-11-11 Ver
kpnt_00203159 20251112_1
:61:251112C000000001386,25N541EREF//43264529826
DE63500109000017902014
:86:/EREF/1003494409.366243/TRCD/541/ORDP//NAME/TRAVELSCAPE, LLC/REMI
/332623399/ULTD//NAME/TRAVELSCAPE, LLC/ISDT/2025-11-12
:61:251112C000000000313,49N541EREF//43264827668
IE93BOFA99006156923068
:86:/EREF/G-6F6TLH2FFFRDFBMAQ4ZAUYFHLL3DDMHB/TRCD/541/ORDP//NAME/AIRB
NB PAYMENTS LUXEMBOURG S.A./REMI/Airbnb/ISDT/2025-11-12
:61:251112C000000000009,87N541EREF//43265062855
NL92ADYB2017400998
:86:/EREF/TX54992225100XT/TRCD/541/ORDP//NAME/Adyen N.V./REMI/TX54992
225100XT batch 316, CP-PZ-RETAIL/ISDT/2025-11-12
:61:251112C000000000557,32N541EREF//43265076996
NL92ADYB2017400998
:86:/EREF/TX54992953400XT/TRCD/541/ORDP//NAME/Adyen N.V./REMI/TX54992
953400XT batch 881, CP-PZ-ECOM/ISDT/2025-11-12
:61:251112D000000006871,71N625OO9T005200795684//OO9T005200795684
NL31RABO0300087233
:86:/EREF/POYTCPE2025000003553/TRCD/625/BENM//NAME/Center Parcs Europ
e N.V./REMI/CPES111200001 SWEEPING RBCP/SWEEPNL06RABO0100902936 E
URNL31RABO0300087233 EUR
:62F:C251112EUR000000010000,00
:64:C251112EUR000000010000,00
:65:C251113EUR000000010000,00
:65:C251114EUR000000010000,00
:65:C251115EUR000000010000,00
:65:C251116EUR000000010000,00
:20:940S251112
:25:NL37RABO0100902960 EUR
:28C:25316
:60F:C251111EUR000000010000,00
:61:251112C000000001412,88N08500203157 2025111//NP8A000253129302
NL73RABO0350800502
:86:/EREF/20251112_1_2/TRCD/1085/ORDP//NAME/Rabobank Smart Pay/REMI/R
abo Smart Pay omzet bijschrijving Transacties van: 2025-11-11 Ver
kpnt_00203157 20251112_1
:61:251112C000000001340,81N541EREF//43264530689
DE63500109000017902014
:86:/EREF/1003494458.366243/TRCD/541/ORDP//NAME/TRAVELSCAPE, LLC/REMI
/332623354/ULTD//NAME/TRAVELSCAPE, LLC/ISDT/2025-11-12
:61:251112C000000000010,53N541EREF//43264835126
NL98DEUT0265294304
:86:/EREF/AMEXSCT95301455072531405320000883C0/TRCD/541/ORDP//NAME/AME
RICAN EXPRESS PAYMENTS EUROPE/REMI/AMEX/SE9530145507/DT289/GR10.8
0/DI-0.27/LOOHORST BUNGALOWPARK//ISDT/2025-11-12
:61:251112C000000000028,64N541EREF//43265063576
NL92ADYB2017400998
:86:/EREF/TX54988726500XT/TRCD/541/ORDP//NAME/Adyen N.V./REMI/TX54988
726500XT batch 517, CP-LH-RETAIL/ISDT/2025-11-12
:61:251112C000000000154,10N541EREF//43265076709
NL92ADYB2017400998
:86:/EREF/TX54993081000XT/TRCD/541/ORDP//NAME/Adyen N.V./REMI/TX54993
081000XT batch 893, CP-LH-ECOM/ISDT/2025-11-12
:61:251112D000000002946,96N625OO9T005200795685//OO9T005200795685
NL31RABO0300087233
:86:/EREF/POYTCPE2025000003554/TRCD/625/BENM//NAME/Center Parcs Europ
e N.V./REMI/CPES111200002 SWEEPING RBCP/SWEEPNL37RABO0100902960 E
URNL31RABO0300087233 EUR
:62F:C251112EUR000000010000,00
:64:C251112EUR000000010000,00
:65:C251113EUR000000010000,00
:65:C251114EUR000000010000,00
:65:C251115EUR000000010000,00
:65:C251116EUR000000010000,00
:20:940S251112
:25:NL90RABO0100925189 EUR
:28C:25316
:60F:C251111EUR000000000126,06
:62F:C251112EUR000000000126,06
:64:C251112EUR000000000126,06
:65:C251113EUR000000000126,06
:65:C251114EUR000000000126,06
:65:C251115EUR000000000126,06
:65:C251116EUR000000000126,06
:20:940S251112
:25:NL63RABO0100927033 EUR
:28C:25316
:60F:C251111EUR000000000337,89
:62F:C251112EUR000000000337,89
:64:C251112EUR000000000337,89
:65:C251113EUR000000000337,89
:65:C251114EUR000000000337,89
:65:C251115EUR000000000337,89
:65:C251116EUR000000000337,89
:20:940S251112
:25:NL41RABO0100927041 EUR
:28C:25316
:60F:C251111EUR000000035630,50
:62F:C251112EUR000000035630,50
:64:C251112EUR000000035630,50
:65:C251113EUR000000035630,50
:65:C251114EUR000000035630,50
:65:C251115EUR000000035630,50
:65:C251116EUR000000035630,50
:20:940S251112
:25:NL32RABO0100927106 EUR
:28C:25316
:60F:C251111EUR000000000219,67
:62F:C251112EUR000000000219,67
:64:C251112EUR000000000219,67
:65:C251113EUR000000000219,67
:65:C251114EUR000000000219,67
:65:C251115EUR000000000219,67
:65:C251116EUR000000000219,67
:20:940S251112
:25:NL50RABO0101000502 EUR
:28C:25316
:60F:C251111EUR000000000349,95
:62F:C251112EUR000000000349,95
:64:C251112EUR000000000349,95
:65:C251113EUR000000000349,95
:65:C251114EUR000000000349,95
:65:C251115EUR000000000349,95
:65:C251116EUR000000000349,95
:20:940S251112
:25:NL94RABO0123735637 EUR
:28C:25316
:60F:C251111EUR000000000000,00
:62F:C251112EUR000000000000,00
:64:C251112EUR000000000000,00
:65:C251113EUR000000000000,00
:65:C251114EUR000000000000,00
:65:C251115EUR000000000000,00
:65:C251116EUR000000000000,00
:20:940S251112
:25:NL18RABO0144437678 EUR
:28C:25316
:60F:C251111EUR000000000000,00
:62F:C251112EUR000000000000,00
:64:C251112EUR000000000000,00
:65:C251113EUR000000000000,00
:65:C251114EUR000000000000,00
:65:C251115EUR000000000000,00
:65:C251116EUR000000000000,00
:20:940S251112
:25:NL59RABO0144437813 EUR
:28C:25316
:60F:C251111EUR000000000000,00
:61:251112C000000001686,15N541EREF//OO9T005199672275
NL44RABO0302127879
:86:/EREF/OO9B005199672275/PREF/OO9B005199672275/TRCD/541/ORDP//NAME/
Gils Bouwservice en Onderhoud B.V./REMI/boekingsnummer 681725-0 (
prj 78702)/ISDT/2025-11-12
:61:251112D000000001686,15N625NONREF//NP8A000253382578
NL31RABO0300087233
:86:/EREF/POYTCPE2025000003562/TRCD/625/BENM//NAME/Center Parcs Europ
e N.V./REMI/CPES111200010 CC144437813/300087233/INIT//NAME/Sunpar
ks B.V.
:62F:C251112EUR000000000000,00
:64:C251112EUR000000000000,00
:65:C251113EUR000000000000,00
:65:C251114EUR000000000000,00
:65:C251115EUR000000000000,00
:65:C251116EUR000000000000,00
:20:940S251112
:25:NL51RABO0300002386 EUR
:28C:25316
:60F:C251111EUR000000010000,00
:61:251112C000000003039,42N08500203160 2025111//NP8A000253149974
NL73RABO0350800502
:86:/EREF/20251112_1_4/TRCD/1085/ORDP//NAME/Rabobank Smart Pay/REMI/R
abo Smart Pay omzet bijschrijving Transacties van: 2025-11-11 Ver
kpnt_00203160 20251112_1
:61:251112C000000002045,42N541EREF//43264530688
DE63500109000017902014
:86:/EREF/1003494453.366243/TRCD/541/ORDP//NAME/TRAVELSCAPE, LLC/REMI
/332623351/ULTD//NAME/TRAVELSCAPE, LLC/ISDT/2025-11-12
:61:251112C000000000014,57N541EREF//43264834688
NL98DEUT0265294304
:86:/EREF/AMEXSCT95301310022531405320000837C0/TRCD/541/ORDP//NAME/AME
RICAN EXPRESS PAYMENTS EUROPE/REMI/AMEX/SE9530131002/DT289/GR14.9
9/DI-0.42/MEERDAL  BUNG  PARK HET//ISDT/2025-11-12
:61:251112C000000000074,00N541NONREF//PEIP-20251112128
BE06735020189122
:86:/TRCD/541/ORDP//NAME/HEG PRODUCTIONS BV/REMI/CN2025003 DD 29-10 O
RDER 4101525414 LEVERANCIER 101182/ISDT/2025-11-12
:61:251112C000000000053,41N541EREF//43265062884
NL92ADYB2017400998
:86:/EREF/TX54988854100XT/TRCD/541/ORDP//NAME/Adyen N.V./REMI/TX54988
854100XT batch 574, CP-MD-RETAIL/ISDT/2025-11-12
:61:251112C000000000399,03N541EREF//43265061596
NL92ADYB2017400998
:86:/EREF/TX54992202700XT/TRCD/541/ORDP//NAME/Adyen N.V./REMI/TX54992
202700XT batch 379, CP-MD-POS/ISDT/2025-11-12
:61:251112C000000001280,70N541EREF//43265076708
NL92ADYB2017400998
:86:/EREF/TX54993026400XT/TRCD/541/ORDP//NAME/Adyen N.V./REMI/TX54993
026400XT batch 930, CP-MD-ECOM/ISDT/2025-11-12
:61:251112D000000006906,55N625OO9T005200795688//OO9T005200795688
NL31RABO0300087233
:86:/EREF/POYTCPE2025000003556/TRCD/625/BENM//NAME/Center Parcs Europ
e N.V./REMI/CPES111200004 SWEEPING RBCP/SWEEPNL51RABO0300002386 E
URNL31RABO0300087233 EUR
:62F:C251112EUR000000010000,00
:64:C251112EUR000000010000,00
:65:C251113EUR000000010000,00
:65:C251114EUR000000010000,00
:65:C251115EUR000000010000,00
:65:C251116EUR000000010000,00
:20:940S251112
:25:NL29RABO0300002394 EUR
:28C:25316
:60F:C251111EUR000000010000,00
:61:251112C000000002863,81N08500203161 2025111//NP8A000253139058
NL73RABO0350800502
:86:/EREF/20251112_1_2/TRCD/1085/ORDP//NAME/Rabobank Smart Pay/REMI/R
abo Smart Pay omzet bijschrijving Transacties van: 2025-11-11 Ver
kpnt_00203161 20251112_1
:61:251112C000000003267,79N541EREF//43264530443
DE63500109000017902014
:86:/EREF/1003494450.366243/TRCD/541/ORDP//NAME/TRAVELSCAPE, LLC/REMI
/332623301/ULTD//NAME/TRAVELSCAPE, LLC/ISDT/2025-11-12
:61:251112C000000000109,69N541EREF//43265062141
NL92ADYB2017400998
:86:/EREF/TX54991441300XT/TRCD/541/ORDP//NAME/Adyen N.V./REMI/TX54991
441300XT batch 403, CP-HH-RETAIL/ISDT/2025-11-12
:61:251112C000000002498,10N541EREF//43265077431
NL92ADYB2017400998
:86:/EREF/TX54993548000XT/TRCD/541/ORDP//NAME/Adyen N.V./REMI/TX54993
548000XT batch 892, CP-HH-ECOM/ISDT/2025-11-12
:61:251112D000000008739,39N625OO9T005200795689//OO9T005200795689
NL31RABO0300087233
:86:/EREF/POYTCPE2025000003557/TRCD/625/BENM//NAME/Center Parcs Europ
e N.V./REMI/CPES111200005 SWEEPING RBCP/SWEEPNL29RABO0300002394 E
URNL31RABO0300087233 EUR
:62F:C251112EUR000000010000,00
:64:C251112EUR000000010000,00
:65:C251113EUR000000010000,00
:65:C251114EUR000000010000,00
:65:C251115EUR000000010000,00
:65:C251116EUR000000010000,00
:20:940S251112
:25:NL39RABO0300002408 EUR
:28C:25316
:60F:C251111EUR000000010000,00
:61:251112C000000006684,22N08500203156 2025111//NP8A000253138270
NL73RABO0350800502
:86:/EREF/20251112_1_2/TRCD/1085/ORDP//NAME/Rabobank Smart Pay/REMI/R
abo Smart Pay omzet bijschrijving Transacties van: 2025-11-11 Ver
kpnt_00203156 20251112_1
:61:251112C000000002672,61N541EREF//43264529692
DE63500109000017902014
:86:/EREF/1003494407.366243/TRCD/541/ORDP//NAME/TRAVELSCAPE, LLC/REMI
/332623311/ULTD//NAME/TRAVELSCAPE, LLC/ISDT/2025-11-12
:61:251112C000000000224,85N541EREF//43265061862
NL92ADYB2017400998
:86:/EREF/TX54991594300XT/TRCD/541/ORDP//NAME/Adyen N.V./REMI/TX54991
594300XT batch 535, CP-KV-POS/ISDT/2025-11-12
:61:251112C000000005486,17N541EREF//43265076853
NL92ADYB2017400998
:86:/EREF/TX54993673900XT/TRCD/541/ORDP//NAME/Adyen N.V./REMI/TX54993
673900XT batch 888, CP-KV-ECOM/ISDT/2025-11-12
:61:251112D000000015067,85N625OO9T005200795692//OO9T005200795692
NL31RABO0300087233
:86:/EREF/POYTCPE2025000003558/TRCD/625/BENM//NAME/Center Parcs Europ
e N.V./REMI/CPES111200006 SWEEPING RBCP/SWEEPNL39RABO0300002408 E
URNL31RABO0300087233 EUR
:62F:C251112EUR000000010000,00
:64:C251112EUR000000010000,00
:65:C251113EUR000000010000,00
:65:C251114EUR000000010000,00
:65:C251115EUR000000010000,00
:65:C251116EUR000000010000,00
:20:940S251112
:25:NL70RABO0300002432 EUR
:28C:25316
:60F:C251111EUR000000010000,00
:61:251112C000000005945,27N08500203164 2025111//NP8A000253165092
NL73RABO0350800502
:86:/EREF/20251112_1_4/TRCD/1085/ORDP//NAME/Rabobank Smart Pay/REMI/R
abo Smart Pay omzet bijschrijving Transacties van: 2025-11-11 Ver
kpnt_00203164 20251112_1
:61:251112D000000000048,42N064MARF//43258946273
NL41INGB0000467598
:86:/MARF/M10012137413/EREF/000011371395745/TRCD/064/ORDP//NAME/KPN B
.V./REMI/Factuur 07-11-2025, klantnummer 1050294386, kpn.com/thui
sfactuur./CSID/NL39KPN271247010001
:61:251112C000000000996,20N541EREF//43264529950
DE63500109000017902014
:86:/EREF/1003494376.366243/TRCD/541/ORDP//NAME/TRAVELSCAPE, LLC/REMI
/332623344/ULTD//NAME/TRAVELSCAPE, LLC/ISDT/2025-11-12
:61:251112C000000003663,39N541EREF//43264530568
DE63500109000017902014
:86:/EREF/1003494451.366243/TRCD/541/ORDP//NAME/TRAVELSCAPE, LLC/REMI
/332623341/ULTD//NAME/TRAVELSCAPE, LLC/ISDT/2025-11-12
:61:251112C000000000257,73N541EREF//43265061728
NL92ADYB2017400998
:86:/EREF/TX54992005500XT/TRCD/541/ORDP//NAME/Adyen N.V./REMI/TX54992
005500XT batch 561, CP-HB-RETAIL/ISDT/2025-11-12
:61:251112C000000003406,72N541EREF//43265078947
NL92ADYB2017400998
:86:/EREF/TX54993016000XT/TRCD/541/ORDP//NAME/Adyen N.V./REMI/TX54993
016000XT batch 909, CP-HB-ECOM/ISDT/2025-11-12
:61:251112D000000014220,89N625OO9T005200795695//OO9T005200795695
NL31RABO0300087233
:86:/EREF/POYTCPE2025000003560/TRCD/625/BENM//NAME/Center Parcs Europ
e N.V./REMI/CPES111200008 SWEEPING RBCP/SWEEPNL70RABO0300002432 E
URNL31RABO0300087233 EUR
:62F:C251112EUR000000010000,00
:64:C251112EUR000000010000,00
:65:C251113EUR000000010000,00
:65:C251114EUR000000010000,00
:65:C251115EUR000000010000,00
:65:C251116EUR000000010000,00
:20:940S251112
:25:NL98RABO0300031319 EUR
:28C:25316
:60F:C251111EUR000000000000,00
:61:251112C000000001574,16N541EREF//43264530569
DE63500109000017902014
:86:/EREF/1003494452.366243/TRCD/541/ORDP//NAME/TRAVELSCAPE, LLC/REMI
/332623366/ULTD//NAME/TRAVELSCAPE, LLC/ISDT/2025-11-12
:61:251112C000000004065,94N541EREF//43265063586
NL92ADYB2017400998
:86:/EREF/TX54989846600XT/TRCD/541/ORDP//NAME/Adyen N.V./REMI/TX54989
846600XT batch 303, CP-EUGIFTVOUCHER-ECOM/ISDT/2025-11-12
:61:251112C000000047775,00N541EREF//43265731963
NL24INGB0651655870
:86:/EREF/AP0000626083/TRCD/541/ORDP//NAME/ING BANK NV/DB/PBNL/REMI/1
46018150 1000374146018150/ISDT/2025-11-12
:61:251112C000000091471,63N541EREF//OO9T005200618381
NL25RABO0360489532
:86:/EREF/OO9B005200618381/PREF/OO9B005200618381/TRCD/541/ORDP//NAME/
Social Deal B.V./REMI/146018089/ISDT/2025-11-12
:61:251112D000000144886,73N625NONREF//NP8A000253382606
NL31RABO0300087233
:86:/EREF/POYTCPE2025000003566/TRCD/625/BENM//NAME/Center Parcs Europ
e N.V./REMI/CPES111200013 CC300031319/300087233/INIT//NAME/Center
 Parcs Europe N.V.
:62F:C251112EUR000000000000,00
:64:C251112EUR000000000000,00
:65:C251113EUR000000000000,00
:65:C251114EUR000000000000,00
:65:C251115EUR000000000000,00
:65:C251116EUR000000000000,00
:20:940S251112
:25:NL65RABO0306817063 EUR
:28C:25316
:60F:C251111EUR000000002627,09
:62F:C251112EUR000000002627,09
:64:C251112EUR000000002627,09
:65:C251113EUR000000002627,09
:65:C251114EUR000000002627,09
:65:C251115EUR000000002627,09
:65:C251116EUR000000002627,09
:20:940S251112
:25:NL39RABO0318106973 EUR
:28C:25316
:60F:C251111EUR000000014888,07
:62F:C251112EUR000000014888,07
:64:C251112EUR000000014888,07
:65:C251113EUR000000014888,07
:65:C251114EUR000000014888,07
:65:C251115EUR000000014888,07
:65:C251116EUR000000014888,07
:20:940S251112
:25:NL19RABO0318107236 EUR
:28C:25316
:60F:C251111EUR000000015251,53
:62F:C251112EUR000000015251,53
:64:C251112EUR000000015251,53
:65:C251113EUR000000015251,53
:65:C251114EUR000000015251,53
:65:C251115EUR000000015251,53
:65:C251116EUR000000015251,53
:20:940S251112
:25:NL85RABO0318107600 EUR
:28C:25316
:60F:C251111EUR000000561536,31
:62F:C251112EUR000000561536,31
:64:C251112EUR000000561536,31
:65:C251113EUR000000561536,31
:65:C251114EUR000000561536,31
:65:C251115EUR000000561536,31
:65:C251116EUR000000561536,31
:20:940S251112
:25:NL79RABO0318107902 EUR
:28C:25316
:60F:C251111EUR000000015153,05
:62F:C251112EUR000000015153,05
:64:C251112EUR000000015153,05
:65:C251113EUR000000015153,05
:65:C251114EUR000000015153,05
:65:C251115EUR000000015153,05
:65:C251116EUR000000015153,05
:20:940S251112
:25:NL71RABO0318108143 EUR
:28C:25316
:60F:C251111EUR000000016912,38
:62F:C251112EUR000000016912,38
:64:C251112EUR000000016912,38
:65:C251113EUR000000016912,38
:65:C251114EUR000000016912,38
:65:C251115EUR000000016912,38
:65:C251116EUR000000016912,38
:20:940S251112
:25:NL21RABO0318108461 EUR
:28C:25316
:60F:C251111EUR000000016374,00
:62F:C251112EUR000000016374,00
:64:C251112EUR000000016374,00
:65:C251113EUR000000016374,00
:65:C251114EUR000000016374,00
:65:C251115EUR000000016374,00
:65:C251116EUR000000016374,00
:20:940S251112
:25:NL90RABO0318108771 EUR
:28C:25316
:60F:C251111EUR000000009425,23
:62F:C251112EUR000000009425,23
:64:C251112EUR000000009425,23
:65:C251113EUR000000009425,23
:65:C251114EUR000000009425,23
:65:C251115EUR000000009425,23
:65:C251116EUR000000009425,23
:20:940S251112
:25:NL73RABO0318109077 EUR
:28C:25316
:60F:C251111EUR000000012150,81
:62F:C251112EUR000000012150,81
:64:C251112EUR000000012150,81
:65:C251113EUR000000012150,81
:65:C251114EUR000000012150,81
:65:C251115EUR000000012150,81
:65:C251116EUR000000012150,81
:20:940S251112
:25:NL89RABO0318109468 EUR
:28C:25316
:60F:C251111EUR000000005791,00
:62F:C251112EUR000000005791,00
:64:C251112EUR000000005791,00
:65:C251113EUR000000005791,00
:65:C251114EUR000000005791,00
:65:C251115EUR000000005791,00
:65:C251116EUR000000005791,00
:20:940S251112
:25:NL95RABO0320289338 EUR
:28C:25316
:60F:C251111EUR000000000000,00
:62F:C251112EUR000000000000,00
:64:C251112EUR000000000000,00
:65:C251113EUR000000000000,00
:65:C251114EUR000000000000,00
:65:C251115EUR000000000000,00
:65:C251116EUR000000000000,00
:20:940S251112
:25:NL12RABO0330208888 EUR
:28C:25316
:60F:C251111EUR000000000532,00
:61:251112C000000000112,00N100EREF//43263857082
NL88ABNA0409839205
:86:/EREF/11-11-2025 18:33 7020596297217315/TRCD/100/ORDP//NAME/ROBER
T VAN LIEROP/REMI/9068781369 7020596297217315 AG/PURP//CD/EPAY/IS
DT/2025-11-12
:61:251112C000000000026,00N100EREF//43263928879
NL28ASNB0943158818
:86:/EREF/2025-11-11T20:15 7020734509248593/TRCD/100/ORDP//NAME/T. de
 Ruiter/REMI/9068981370 7020734509248593 HB/PURP//CD/EPAY/ISDT/20
25-11-12
:61:251112C000000000019,50N100EREF//43263858959
NL36SNSB0783168489
:86:/EREF/2025-11-11T14:09 7020345388368767/TRCD/100/ORDP//NAME/T. de
 Vries e/o S. Wever/REMI/9068274613 7020345388368767 HH/PURP//CD/
EPAY/ISDT/2025-11-12
:61:251112C000000000002,50N100EREF//43263846568
NL84ASNB0708746349
:86:/EREF/2025-11-11T17:17 7020186900217117/TRCD/100/ORDP//NAME/I.D. 
van der bij/REMI/9068628779 7020186900217117 HB/PURP//CD/EPAY/ISD
T/2025-11-12
:61:251112C000000000030,00N100EREF//43264262219
NL77SNSB0705781151
:86:/EREF/2025-11-11T17:33 7020025388399847/TRCD/100/ORDP//NAME/L. Pe
n e/o C.N.S. Hengst/REMI/9068660204 7020025388399847 MD/PURP//CD/
EPAY/ISDT/2025-11-12
:61:251112C000000000028,50N100EREF//43264260956
NL84RBRB0915546310
:86:/EREF/2025-11-11T15:53 7020884494127321/TRCD/100/ORDP//NAME/L. Tu
enter/REMI/9068473066 7020884494127321 HH/PURP//CD/EPAY/ISDT/2025
 11-12
:61:251112C000000000028,50N100EREF//OO9T005199155209
NL30RABO0335241506
:86:/EREF/12-11-2025 08:19 7020324497215542/TRCD/100/ORDP//NAME/J. Ho
ekstra/REMI/9069690449 7020324497215542 HH xui-32570434/PURP//CD/
EPAY/ISDT/2025-11-12
:61:251112C000000000028,50N100EREF//43264062839
NL17INGB0703806009
:86:/EREF/11-11-2025 22:10 7020184491369883/TRCD/100/ORDP//NAME/Hr RA
 Hoogkamer/REMI/9069182932 7020184491369883 HB/PURP//CD/EPAY/ISDT
/2025-11-12
:61:251112C000000000030,00N100EREF//43264090747
NL10INGB0003982272
:86:/EREF/11-11-2025 22:21 7020425982398941/TRCD/100/ORDP//NAME/Hr CR
R Corrias/REMI/9069201617 7020425982398941 KV/PURP//CD/EPAY/ISDT/
2025-11-12
:61:251112C000000000002,50N100EREF//43264099429
NL18INGB0688716962
:86:/EREF/11-11-2025 18:00 7020806591159415/TRCD/100/ORDP//NAME/Hr RJ
 Swart, Mw MMH Keim/REMI/9068713840 7020806591159415 HB/PURP//CD/
EPAY/ISDT/2025-11-12
:61:251112C000000000030,00N100EREF//43264122041
NL86INGB0661608700
:86:/EREF/11-11-2025 15:53 7020074191159466/TRCD/100/ORDP//NAME/Hr C 
de Vreede, Mw NTJ van der Poel/REMI/9068470111 7020074191159466 M
D/PURP//CD/EPAY/ISDT/2025-11-12
:61:251112C000000000015,00N100EREF//43264122633
NL52INGB0101723857
:86:/EREF/11-11-2025 18:33 7020576603368011/TRCD/100/ORDP//NAME/Hr LP
E Laseur,Mw NK van Eijk/REMI/9068779458 7020576603368011 MD/PURP/
/CD/EPAY/ISDT/2025-11-12
:61:251112C000000000034,00N100EREF//43264122945
NL54INGB0004429329
:86:/EREF/11-11-2025 17:11 7020915097127672/TRCD/100/ORDP//NAME/Mw L 
Klis/REMI/9068621244 7020915097127672 MD/PURP//CD/EPAY/ISDT/2025-
11-12
:61:251112C000000000019,50N100EREF//43264150772
NL56INGB0655919899
:86:/EREF/11-11-2025 17:08 7020604506397882/TRCD/100/ORDP//NAME/Mw M 
Zeegers,Hr S Theunissen/REMI/9068612834 7020604506397882 KV/PURP/
/CD/EPAY/ISDT/2025-11-12
:61:251112C000000000035,00N100EREF//43264158444
NL09INGB0674226682
:86:/EREF/11-11-2025 20:57 7020625400188503/TRCD/100/ORDP//NAME/Hr RJ
C den Braber/REMI/9069057998 7020625400188503 EP/PURP//CD/EPAY/IS
DT/2025-11-12
:61:251112C000000000028,50N100EREF//43264041251
NL41INGB0679721738
:86:/EREF/11-11-2025 23:13 7020506894367018/TRCD/100/ORDP//NAME/Mw SM
 Teuben,Mw DC van Gent/REMI/9069274951 7020506894367018 HB/PURP//
CD/EPAY/ISDT/2025-11-12
:61:251112C000000000015,00N100EREF//43264112770
NL07INGB0389879657
:86:/EREF/11-11-2025 18:41 7020475703307690/TRCD/100/ORDP//NAME/Hr JA
M Tubbing,Mw V Benik/REMI/9068798150 7020475703307690 KV/PURP//CD
/EPAY/ISDT/2025-11-12
:61:251112C000000000013,00N100EREF//43264118874
NL59INGB0001935466
:86:/EREF/11-11-2025 20:29 7020654509277615/TRCD/100/ORDP//NAME/Hr P 
Kalf, Mw I Kalf-Visser/REMI/9069006411 7020654509277615 VM/PURP//
CD/EPAY/ISDT/2025-11-12
:61:251112C000000000026,00N100EREF//43264147501
NL74INGB0754029255
:86:/EREF/11-11-2025 20:28 7020366282128818/TRCD/100/ORDP//NAME/Mw M 
Keijzer/REMI/9069007000 7020366282128818 VM/PURP//CD/EPAY/ISDT/20
25-11-12
:61:251112C000000004448,87N541EREF//43263896925
LU89751000135104200E
:86:/EREF/YYW1046130580605/TRCD/541/ORDP//NAME/PayPal Europe S.a.r.l.
 et Cie S.C.A/REMI/YYW1046130580605/PAYPAL/ISDT/2025-11-12
:61:251112C000000000012,00N100EREF//43264230344
NL64ABNA0613096444
:86:/EREF/11-11-2025 16:30 7020236903337111/TRCD/100/ORDP//NAME/MJ ZO
NDERLAND/REMI/9068540880 7020236903337111 VM/PURP//CD/EPAY/ISDT/2
025-11-12
:61:251112C000000000013,00N100EREF//43263996122
NL48ABNA0613318765
:86:/EREF/11-11-2025 21:48 7020485403367540/TRCD/100/ORDP//NAME/JJ LA
NKESTER CJ/REMI/9069146645 7020485403367540 MD/PURP//CD/EPAY/ISDT
/2025-11-12
:61:251112C000000000030,00N100EREF//43263887172
NL55BUNQ2291438611
:86:/EREF/11-11-2025 18:34 7020234482248482/TRCD/100/ORDP//NAME/R.J.P
. de Man/REMI/9068782906 7020234482248482 AG/PURP//CD/EPAY/ISDT/2
025-11-12
:61:251112C000000000030,00N100EREF//OO9T005199172265
NL55RABO0366690299
:86:/EREF/12-11-2025 08:28 7020465097214915/TRCD/100/ORDP//NAME/H. Ge
rrits eo E.J. Gerrits-Schuurman/REMI/9069705397 7020465097214915 
EH xui-16465267/PURP//CD/EPAY/ISDT/2025-11-12
:61:251112C000000000028,50N100EREF//43264025191
NL29ABNA0534615538
:86:/EREF/11-11-2025 22:51 7020554203158971/TRCD/100/ORDP//NAME/B PLA
NTENGA CJ/REMI/9069248188 7020554203158971 ZV/PURP//CD/EPAY/ISDT/
2025-11-12
:61:251112C000000000013,00N100EREF//43264027594
NL10ABNA0823217361
:86:/EREF/12-11-2025 06:15 7020635700215665/TRCD/100/ORDP//NAME/DANSI
K A E VAN/REMI/9069550044 7020635700215665 ZV/PURP//CD/EPAY/ISDT/
2025-11-12
:61:251112C000000000030,00N100EREF//43264101817
NL68INGB0006751160
:86:/EREF/11-11-2025 15:59 7020734182339694/TRCD/100/ORDP//NAME/Mw ST
 Zijler/REMI/9068483764 7020734182339694 EH/PURP//CD/EPAY/ISDT/20
25-11-12
:61:251112C000000000028,50N100EREF//43264133200
NL12INGB0754301680
:86:/EREF/11-11-2025 17:15 7020594203278176/TRCD/100/ORDP//NAME/Mw CD
 Huisman, Hr S Nieuwenhuizen/REMI/9068628484 7020594203278176 HB/
PURP//CD/EPAY/ISDT/2025-11-12
:61:251112C000000000026,00N100EREF//OO9T005199206082
NL20RABO0332666336
:86:/EREF/12-11-2025 08:43 7020155997366520/TRCD/100/ORDP//NAME/A.J. 
van Rozen/REMI/9069735010 7020155997366520 ZV xui-19436985/PURP//
CD/EPAY/ISDT/2025-11-12
:61:251112C000000000007,00N100EREF//43264216468
NL53SNSB8845032280
:86:/EREF/2025-11-11T19:54 7020806897217384/TRCD/100/ORDP//NAME/L.M. 
Koppenberg e/o A.I. Valkering/REMI/9068945080 7020806897217384 KV
/PURP//CD/EPAY/ISDT/2025-11-12
:61:251112C000000000028,50N100EREF//OO9T005199212430
NL49RABO0321157443
:86:/EREF/12-11-2025 08:45 7020066285124003/TRCD/100/ORDP//NAME/W.R.M
.M.J. Dingemans eo E.A.M. Peters Rit/REMI/9069737181 702006628512
4003 HH xui-88997442/PURP//CD/EPAY/ISDT/2025-11-12
:61:251112C000000000002,50N100EREF//OO9T005199267323
NL10RABO0385988192
:86:/EREF/12-11-2025 09:07 7020395703275374/TRCD/100/ORDP//NAME/M.C. 
de Jong/REMI/9069786360 7020395703275374 HB xui-12915156/PURP//CD
/EPAY/ISDT/2025-11-12
:61:251112C000000000045,00N100EREF//OO9T005199330674
NL61RABO0363158324
:86:/EREF/12-11-2025 09:31 7020306291214636/TRCD/100/ORDP//NAME/R. Wi
nkeler eo S. van den Brink/REMI/9069842808 7020306291214636 HB xu
i-49895994/PURP//CD/EPAY/ISDT/2025-11-12
:61:251112C000000000017,50N100EREF//OO9T005199366730
NL31RABO0134510658
:86:/EREF/12-11-2025 09:43 7020074782156217/TRCD/100/ORDP//NAME/G.J.M
. Poirters eo M.G.A. Poirters-Segers/ID/14130379/REMI/9069867238 
7020074782156217 PZ xui-99766858/PURP//CD/EPAY/ISDT/2025-11-12
:61:251112C000000000007,50N100EREF//OO9T005199450262
NL95RABO0373458142
:86:/EREF/12-11-2025 10:11 7020595406364372/TRCD/100/ORDP//NAME/K.S. 
Schreuder/REMI/9069938909 7020595406364372 HH xui-99934369/PURP//
CD/EPAY/ISDT/2025-11-12
:61:251112C000000000020,00N100EREF//OO9T005199481996
NL77RABO0122594738
:86:/EREF/12-11-2025 10:22 7020064209155734/TRCD/100/ORDP//NAME/F.M. 
van Kuijk/ID/53056558/REMI/9069965300 7020064209155734 VM xui-723
15885/PURP//CD/EPAY/ISDT/2025-11-12
:61:251112C000000000015,00N100EREF//OO9T005199501371
NL35RABO0332580415
:86:/EREF/12-11-2025 10:28 7020044485216103/TRCD/100/ORDP//NAME/S.L. 
van Leeuwen eo N. Chaatouf/REMI/9069976802 7020044485216103 KV xu
i-23468310/PURP//CD/EPAY/ISDT/2025-11-12
:61:251112C000000000020,00N100EREF//43264729427
NL54INGB0008909080
:86:/EREF/12-11-2025 08:36 7020806588394411/TRCD/100/ORDP//NAME/Hr JJ
 van Luijk/REMI/9069723265 7020806588394411 EP/PURP//CD/EPAY/ISDT
/2025-11-12
:61:251112C000000000007,00N100EREF//43264712465
NL22INGB0524199264
:86:/EREF/12-11-2025 08:45 7020296594276976/TRCD/100/ORDP//NAME/Hr DA
 Parlag,Mw TGA Albert/REMI/9069735185 7020296594276976 KV/PURP//C
D/EPAY/ISDT/2025-11-12
:61:251112C000000000007,00N100EREF//OO9T005199529259
NL56RABO0383000734
:86:/EREF/12-11-2025 10:37 7020106006156676/TRCD/100/ORDP//NAME/M. Do
esburg/REMI/9070002038 7020106006156676 EH xui-88621878/PURP//CD/
EPAY/ISDT/2025-11-12
:61:251112C000000000028,50N100EREF//43264825065
NL94KNAB0403822017
:86:/EREF/2025-11-12T08:12 7020806891335875/TRCD/100/ORDP//NAME/E.M.A
. van den Berg en/of/REMI/9069797584 7020806891335875 HB/PURP//CD
/EPAY/ISDT/2025-11-12
:61:251112C000000000414,77N541EREF//43264834974
NL98DEUT0265294304
:86:/EREF/AMEXSCT95302879522531405320001412C0/TRCD/541/ORDP//NAME/AME
RICAN EXPRESS PAYMENTS EUROPE/REMI/AMEX/SE9530287952/DT289/GR426.
50/DI-11.73/CENTER PARCS EUROPE NV//ISDT/2025-11-12
:61:251112C000000000029,50N100EREF//43264956784
NL10INGB0100608434
:86:/EREF/12-11-2025 09:38 7020035085214552/TRCD/100/ORDP//NAME/Hr D 
Van Lavieren,Mw HC Beems/REMI/9069859341 7020035085214552 KV/PURP
//CD/EPAY/ISDT/2025-11-12
:61:251112C000000000013,00N100EREF//43264869762
NL29INGB0008903710
:86:/EREF/12-11-2025 09:47 7020614485156016/TRCD/100/ORDP//NAME/HR R 
H A Spermon/REMI/9069875602 7020614485156016 EP/PURP//CD/EPAY/ISD
T/2025-11-12
:61:251112C000000000005,00N100EREF//43264960047
NL54INGB0679658939
:86:/EREF/12-11-2025 09:44 7020226594216463/TRCD/100/ORDP//NAME/Hr J 
Voortman, Mw MJ Voortman-Grasdijk/REMI/9069869848 702022659421646
3 HH/PURP//CD/EPAY/ISDT/2025-11-12
:61:251112C000000000005,00N100EREF//43264936434
NL20INGB0661530930
:86:/EREF/12-11-2025 09:07 7020606582214534/TRCD/100/ORDP//NAME/Hr G 
Koppes/REMI/9069785159 7020606582214534 HB/PURP//CD/EPAY/ISDT/202
5-11-12
:61:251112C000000000028,50N100EREF//43265052583
NL37ABNA0111886678
:86:/EREF/12-11-2025 09:50 7020985106246178/TRCD/100/ORDP//NAME/M AAL
DERS CJ/REMI/9069886619 7020985106246178 HB/PURP//CD/EPAY/ISDT/20
25-11-12
:61:251112C000000000010,00N100EREF//43265039028
NL28ABNA0872235114
:86:/EREF/12-11-2025 09:07 7020494782364957/TRCD/100/ORDP//NAME/JC GE
IJTENBEEK CJ/REMI/9069785125 7020494782364957 VM/PURP//CD/EPAY/IS
DT/2025-11-12
:61:251112C000000000035,00N100EREF//43265105123
NL19INGB0114735158
:86:/EREF/12-11-2025 10:40 7020176891306088/TRCD/100/ORDP//NAME/Mw M 
van de Velde/REMI/9070007133 7020176891306088 VM/PURP//CD/EPAY/IS
DT/2025-11-12
:61:251112C000000000005,00N100EREF//43265137770
NL28INGB0004796360
:86:/EREF/12-11-2025 10:33 7020915106155209/TRCD/100/ORDP//NAME/Hr A 
Heidenrath/REMI/9069992797 7020915106155209 VM/PURP//CD/EPAY/ISDT
/2025-11-12
:61:251112C000000000015,00N100EREF//43265136301
NL28INGB0008726218
:86:/EREF/12-11-2025 10:32 7020356888246628/TRCD/100/ORDP//NAME/Mw EH
 Schiebaan/REMI/9069987276 7020356888246628 EP/PURP//CD/EPAY/ISDT
/2025-11-12
:61:251112C000000000026,00N100EREF//43265135784
NL10INGB0000471163
:86:/EREF/12-11-2025 10:31 7020095403186526/TRCD/100/ORDP//NAME/Mw C 
Becht/REMI/9069984382 7020095403186526 PZ/PURP//CD/EPAY/ISDT/2025
 11-12
:61:251112C000000000033,50N100EREF//43265150141
NL10INGB0008709567
:86:/EREF/12-11-2025 10:45 7020096009395971/TRCD/100/ORDP//NAME/MW C 
van Bree/REMI/9070020962 7020096009395971 HE/PURP//CD/EPAY/ISDT/2
025-11-12
:61:251112C000000000030,00N100EREF//OO9T005199976559
NL30RABO0140705872
:86:/EREF/12-11-2025 12:53 7020185997364774/TRCD/100/ORDP//NAME/B. va
n Soest eo E.D.M. van de Graaf/REMI/9070338400 7020185997364774 K
V xui-89722177/PURP//CD/EPAY/ISDT/2025-11-12
:61:251112C000000000025,00N100EREF//43265268931
NL56ABNA0433810033
:86:/EREF/12-11-2025 10:12 7020016594275431/TRCD/100/ORDP//NAME/LAURA
 HAASNOOT/REMI/9069940240 7020016594275431 LH/PURP//CD/EPAY/ISDT/
2025-11-12
:61:251112C000000000035,00N100EREF//43265266478
NL68KNAB0258407360
:86:/EREF/2025-11-12T10:29 7020345385124675/TRCD/100/ORDP//NAME/Go Nu
ts Copywriting/REMI/9070131335 7020345385124675 VM/PURP//CD/EPAY/
ISDT/2025-11-12
:61:251112C000000000030,00N100EREF//43265266937
NL97ABNA0985829214
:86:/EREF/12-11-2025 10:12 7020166903304348/TRCD/100/ORDP//NAME/HAAN 
S DE CJ/REMI/9069939616 7020166903304348 EH/PURP//CD/EPAY/ISDT/20
25-11-12
:61:251112C000000000007,00N100EREF//OO9T005200066091
NL18RABO0172408210
:86:/EREF/12-11-2025 13:19 7020315994124408/TRCD/100/ORDP//NAME/F.B.L
. Jennes/REMI/9070405249 7020315994124408 KV xui-72045019/PURP//C
D/EPAY/ISDT/2025-11-12
:61:251112C000000000028,50N100EREF//43265338702
NL52INGB0003609909
:86:/EREF/12-11-2025 11:30 7020714500244276/TRCD/100/ORDP//NAME/Hr JC
 Kuijper/REMI/9070135393 7020714500244276 HH/PURP//CD/EPAY/ISDT/2
025-11-12
:61:251112C000000000028,50N100EREF//43265390258
NL50INGB0005682932
:86:/EREF/12-11-2025 10:58 7020926594126676/TRCD/100/ORDP//NAME/Mw A 
van der Veen/REMI/9070051670 7020926594126676 HH/PURP//CD/EPAY/IS
DT/2025-11-12
:61:251112C000000000037,50N100EREF//OO9T005200071516
NL42RABO0348468792
:86:/EREF/12-11-2025 13:21 7020976000304339/TRCD/100/ORDP//NAME/H. va
n Loo-van 't Hof eo G.K. van Loo/REMI/9070406238 7020976000304339
 KV xui-89553847/PURP//CD/EPAY/ISDT/2025-11-12
:61:251112C000000000005,00N100EREF//OO9T005200071830
NL05RABO0146224167
:86:/EREF/12-11-2025 13:21 7020645082274063/TRCD/100/ORDP//NAME/H.J. 
Haverhoek/REMI/9070406750 7020645082274063 HB xui-88434427/PURP//
CD/EPAY/ISDT/2025-11-12
:61:251112C000000000045,00N100EREF//OO9T005200103983
NL08RABO0323387047
:86:/EREF/12-11-2025 13:31 7020534491306433/TRCD/100/ORDP//NAME/M.C. 
Schuler/REMI/9070431246 7020534491306433 KV xui-84727467/PURP//CD
/EPAY/ISDT/2025-11-12
:61:251112C000000000019,50N100EREF//43265394763
NL43INGB0106586920
:86:/EREF/12-11-2025 11:23 7020674497155044/TRCD/100/ORDP//NAME/Mw T 
Spang,Hr T Smeenk/REMI/9070117400 7020674497155044 KV/PURP//CD/EP
AY/ISDT/2025-11-12
:61:251112C000000000030,00N100EREF//OO9T005200129451
NL65RABO0116207310
:86:/EREF/12-11-2025 13:39 7020505682276679/TRCD/100/ORDP//NAME/C.P.J
. Kennis-van Kemenade/REMI/9070449312 7020505682276679 EH xui-447
14982/PURP//CD/EPAY/ISDT/2025-11-12
:61:251112C000000000029,50N100EREF//43265359963
NL30ABNA0496921223
:86:/EREF/12-11-2025 10:58 7020525697276238/TRCD/100/ORDP//NAME/ROMY 
BHOELAI/REMI/9070052830 7020525697276238 KV/PURP//CD/EPAY/ISDT/20
25-11-12
:61:251112C000000000028,50N100EREF//43265458748
NL71ABNA0502039272
:86:/EREF/12-11-2025 11:20 7020345100366400/TRCD/100/ORDP//NAME/C DE 
JONG/REMI/9070108443 7020345100366400 HB/PURP//CD/EPAY/ISDT/2025-
11-12
:61:251112C000000000015,00N100EREF//43265507151
NL14INGB0797934960
:86:/EREF/12-11-2025 12:11 7020025094246649/TRCD/100/ORDP//NAME/Mw T 
Tanis,Hr JJF Korenhof/REMI/9070236788 7020025094246649 VM/PURP//C
D/EPAY/ISDT/2025-11-12
:61:251112C000000000029,50N100EREF//43265505866
NL07INGB0389879657
:86:/EREF/12-11-2025 12:57 7020396000246640/TRCD/100/ORDP//NAME/Hr JA
M Tubbing,Mw V Benik/REMI/9070344955 7020396000246640 KV/PURP//CD
/EPAY/ISDT/2025-11-12
:61:251112C000000000029,50N100EREF//43265548556
NL87INGB0683439405
:86:/EREF/12-11-2025 12:44 7020574206276154/TRCD/100/ORDP//NAME/Mw EM
W Van Der Stap/REMI/9070316547 7020574206276154 KV/PURP//CD/EPAY/
ISDT/2025-11-12
:61:251112C000000000030,00N100EREF//43265540079
NL53INGB0432652434
:86:/EREF/12-11-2025 12:05 7020695409364663/TRCD/100/ORDP//NAME/Hr PJ
M Schenkel, Mw LA Hertgers/REMI/9070221131 7020695409364663 EH/PU
RP//CD/EPAY/ISDT/2025-11-12
:61:251112C000000037702,15N541EREF//43265589586
BE06734041973222
:86:/EREF/2025-11-11 10:00:03 53834269Z/TRCD/541/ORDP//NAME/WORLDLINE
 NV/REMI/T1875789526Z 30812545 COL C309.95B38012.10E/ISDT/2025-11
 12
:61:251112C000000000007,50N100EREF//OO9T005200386708
NL84RABO0391803174
:86:/EREF/12-11-2025 15:00 7020235985215917/TRCD/100/ORDP//NAME/D. Pl
ug eo S. Houwer/REMI/9070645194 7020235985215917 HB xui-86013534/
PURP//CD/EPAY/ISDT/2025-11-12
:61:251112C000000000028,50N100EREF//43265732796
NL70INGB0008830901
:86:/EREF/12-11-2025 13:06 7020405382336652/TRCD/100/ORDP//NAME/Mw CM
 Ozephius/REMI/9070370233 7020405382336652 HB/PURP//CD/EPAY/ISDT/
2025-11-12
:61:251112C000000000028,50N100EREF//43265745865
NL96INGB0003464199
:86:/EREF/12-11-2025 13:32 7020046303156265/TRCD/100/ORDP//NAME/Hr H 
van der Veen/REMI/9070433378 7020046303156265 HB/PURP//CD/EPAY/IS
DT/2025-11-12
:61:251112C000000000028,50N100EREF//OO9T005200552028
NL78RABO0357520378
:86:/EREF/12-11-2025 15:50 7020565388394195/TRCD/100/ORDP//NAME/L. Ho
genes/REMI/9070772365 7020565388394195 HB xui-88719822/PURP//CD/E
PAY/ISDT/2025-11-12
:61:251112C000000000022,00N100EREF//OO9T005200608254
NL16RABO0305185144
:86:/EREF/12-11-2025 16:07 7020336597366940/TRCD/100/ORDP//NAME/J. Sl
aman eo M.A.A. Smit/REMI/9070812260 7020336597366940 KV xui-99799
890/PURP//CD/EPAY/ISDT/2025-11-12
:61:251112C000000000052,00N100EREF//OO9T005200654012
NL13RABO0313077991
:86:/EREF/12-11-2025 16:20 7020145406276178/TRCD/100/ORDP//NAME/B.C.H
. Verdonk/REMI/9070844899 7020145406276178 HH xui-93767787/PURP//
CD/EPAY/ISDT/2025-11-12
:61:251112C000000000029,50N100EREF//43265887242
NL22ABNA0893106518
:86:/EREF/12-11-2025 14:43 7020385394305737/TRCD/100/ORDP//NAME/CORNE
LISSE M/REMI/9070607739 7020385394305737 KV/PURP//CD/EPAY/ISDT/20
25-11-12
:61:251112C000000000026,00N100EREF//43265887494
NL03INGB0683257781
:86:/EREF/12-11-2025 14:34 7020556909395692/TRCD/100/ORDP//NAME/Mw R 
Snippe/REMI/9070585964 7020556909395692 HH/PURP//CD/EPAY/ISDT/202
5-11-12
:61:251112C000000000026,00N100EREF//43265885916
NL64ABNA0812467043
:86:/EREF/12-11-2025 14:38 7020516609156427/TRCD/100/ORDP//NAME/FEENS
TRA R CJ/REMI/9070597332 7020516609156427 EH/PURP//CD/EPAY/ISDT/2
025-11-12
:61:251112C000000000016,00N100EREF//43265890000
NL98INGB0681681179
:86:/EREF/12-11-2025 14:32 7020526303154174/TRCD/100/ORDP//NAME/Hr R 
Brinkman en/of Mw M Brinkman-Mulder/REMI/9070582693 7020526303154
174 EH/PURP//CD/EPAY/ISDT/2025-11-12
:61:251112C000000000030,00N100EREF//OO9T005200690824
NL65RABO0116207310
:86:/EREF/12-11-2025 16:31 7020975097244852/TRCD/100/ORDP//NAME/C.P.J
. Kennis-van Kemenade/REMI/9070868027 7020975097244852 EH xui-447
14982/PURP//CD/EPAY/ISDT/2025-11-12
:61:251112C000000000060,00N100EREF//OO9T005200731218
NL64RABO0139000097
:86:/EREF/12-11-2025 16:42 7020505691275995/TRCD/100/ORDP//NAME/R.R. 
de Jongh eo T. de Jongh-Caarls/REMI/9070894985 7020505691275995 E
H xui-54106074/PURP//CD/EPAY/ISDT/2025-11-12
:61:251112C000000000026,00N100EREF//43265879671
NL27SNSB8840438440
:86:/EREF/2025-11-12T11:33 7020056897396343/TRCD/100/ORDP//NAME/A.J.S
. Krejenzang e/o A.M.J. Gerritsen/REMI/9070144467 702005689739634
3 HE/PURP//CD/EPAY/ISDT/2025-11-12
:61:251112C000000000029,00N100EREF//43265980003
NL30ABNA0890974799
:86:/EREF/12-11-2025 15:14 7020894491126763/TRCD/100/ORDP//NAME/REDEG
ELD H J CJ/REMI/9070681058 7020894491126763 VM/PURP//CD/EPAY/ISDT
/2025-11-12
:61:251112C000000000030,00N100EREF//43265980376
NL44ABNA0550700099
:86:/EREF/12-11-2025 15:28 7020146303154843/TRCD/100/ORDP//NAME/S PER
DOK/REMI/9070718634 7020146303154843 EH/PURP//CD/EPAY/ISDT/2025-1
1-12
:61:251112C000000000015,00N100EREF//43265985389
NL61INGB0008929130
:86:/EREF/12-11-2025 15:05 7020626906154339/TRCD/100/ORDP//NAME/Mw N 
Bareman/REMI/9070664693 7020626906154339 MD/PURP//CD/EPAY/ISDT/20
25-11-12
:61:251112C000000000028,50N100EREF//OO9T005200778389
NL40RABO0353119881
:86:/EREF/12-11-2025 16:55 7020156000186613/TRCD/100/ORDP//NAME/D.W. 
Rabelink eo M.M. Schulte/REMI/9070922494 7020156000186613 HH xui-
81960927/PURP//CD/EPAY/ISDT/2025-11-12
:61:251111D000000000532,00N625NONREF//NP8A000253382600
NL31RABO0300087233
:86:/EREF/POYTCPE2025000003564/TRCD/625/BENM//NAME/Center Parcs Europ
e N.V./REMI/CPES111200014 CC330208888/300087233/INIT//NAME/Center
 Parcs Europe N.V.
:61:251112D000000044677,79N625NONREF//NP8A000253382598
NL31RABO0300087233
:86:/EREF/POYTCPE2025000003567/TRCD/625/BENM//NAME/Center Parcs Europ
e N.V./REMI/CPES111200015 CC330208888/300087233/INIT//NAME/Center
 Parcs Europe N.V.
:61:251112C000000000028,50N100EREF//OO9T005201304552
NL79RABO0170657523
:86:/EREF/12-11-2025 19:33 7020666300185866/TRCD/100/ORDP//NAME/K. Lo
us eo W.J.M. Lous-Chantrel/REMI/9071278716 7020666300185866 HB xu
i-53715154/PURP//CD/EPAY/ISDT/2025-11-12
:61:251112C000000000030,00N100EREF//OO9T005201328155
NL19RABO0145138291
:86:/EREF/12-11-2025 19:40 7020085394245338/TRCD/100/ORDP//NAME/P.A.M
. van Gils eo P.A.C. van Gils-Weterings/REMI/9071290743 702008539
4245338 MD xui-77095022/PURP//CD/EPAY/ISDT/2025-11-12
:61:251112C000000000007,00N100EREF//OO9T005201536162
NL66RABO0342673483
:86:/EREF/12-11-2025 20:44 7020674788186460/TRCD/100/ORDP//NAME/T. Pr
inzen eo J. Catshoek/REMI/9071409447 7020674788186460 HB xui-1163
2539/PURP//CD/EPAY/ISDT/2025-11-12
:61:251112C000000000048,00N100EREF//OO9T005201545614
NL27RABO0307739732
:86:/EREF/12-11-2025 20:48 7020444500124477/TRCD/100/ORDP//NAME/C.P. 
Dekker eo N.H.M. Hooiveld/REMI/9071417257 7020444500124477 EH xui
 99627828/PURP//CD/EPAY/ISDT/2025-11-12
:61:251112C000000000030,00N100EREF//OO9T005201557508
NL92RABO0149663579
:86:/EREF/12-11-2025 20:51 7020114200334573/TRCD/100/ORDP//NAME/Nick 
Voogt/REMI/9071426609 7020114200334573 MD xui-85083996/PURP//CD/E
PAY/ISDT/2025-11-12
:61:251112C000000000029,50N100EREF//OO9T005201560349
NL19RABO0110514432
:86:/EREF/12-11-2025 20:52 7020404509396289/TRCD/100/ORDP//NAME/W.M. 
Mulders/REMI/9071427740 7020404509396289 KV xui-99972723/PURP//CD
/EPAY/ISDT/2025-11-12
:61:251112C000000000028,50N100EREF//OO9T005201724828
NL37RABO0137575556
:86:/EREF/12-11-2025 21:48 7020105388335296/TRCD/100/ORDP//NAME/K. va
n Dijk eo A.S. Afman/REMI/9071524783 7020105388335296 HB xui-1015
6850/PURP//CD/EPAY/ISDT/2025-11-12
:61:251112C000000000017,50N100EREF//OO9T005201742394
NL45RABO0385162189
:86:/EREF/12-11-2025 21:54 7020486585276775/TRCD/100/ORDP//NAME/T.K. 
Thomson/REMI/9071535827 7020486585276775 HH xui-13251471/PURP//CD
/EPAY/ISDT/2025-11-12
:61:251112C000000000045,00N100EREF//OO9T005201839776
NL60RABO0190572450
:86:/EREF/12-11-2025 22:30 7020665100155383/TRCD/100/ORDP//NAME/J.C.M
. Sekreve/REMI/9071591289 7020665100155383 KV xui-46166130/PURP//
CD/EPAY/ISDT/2025-11-12
:62F:C251112EUR000000000264,00
:64:C251112EUR000000000264,00
:65:C251113EUR000000000264,00
:65:C251114EUR000000000264,00
:65:C251115EUR000000000264,00
:65:C251116EUR000000000264,00
:20:940S251112
:25:NL44RABO3461512648 EUR
:28C:25316
:60F:C251111EUR000000000000,00
:62F:C251112EUR000000000000,00
:64:C251112EUR000000000000,00
:65:C251113EUR000000000000,00
:65:C251114EUR000000000000,00
:65:C251115EUR000000000000,00
:65:C251116EUR000000000000,00
:20:940S251112
:25:NL11RABO0369111435 EUR
:28C:25316
:60F:C251111EUR000000165078,00
:62F:C251112EUR000000165078,00
:64:C251112EUR000000165078,00
:65:C251113EUR000000165078,00
:65:C251114EUR000000165078,00
:65:C251115EUR000000165078,00
:65:C251116EUR000000165078,00
:20:940S251112
:25:NL32RABO0189753498 EUR
:28C:25316
:60F:C251111EUR000000000379,28
:62F:C251112EUR000000000379,28
:64:C251112EUR000000000379,28
:65:C251113EUR000000000379,28
:65:C251114EUR000000000379,28
:65:C251115EUR000000000379,28
:65:C251116EUR000000000379,28
:20:940S251112
:25:NL19RABO0364594292 EUR
:28C:25316
:60F:C251111EUR000000516380,77
:61:251112C000000000554,86N541EREF//OO9T005177469200
NL38RABO0303093331
:86:/EREF/OO9B005177469200/PREF/OO9B005177469200/TRCD/541/ORDP//NAME/
O. ter Maat eo A. ter Maat-Goorman/REMI/fakt.nr. 240107215    fak
t. dat.31-10-2025  B285/ISDT/2025-11-12
:61:251112C000000000607,57N541NONREF//PEIP-20251112127
NL29ABNA0217484417
:86:/TRCD/541/ORDP//NAME/PHARM ACCESS/REMI/FACTUUR 240107061/ISDT/202
5-11-12
:61:251112C000000000191,88N541NONREF//PEIP-20251112127
NL29ABNA0217484417
:86:/TRCD/541/ORDP//NAME/PHARM ACCESS/REMI/Factuur 240107394/ISDT/202
5-11-12
:61:251112C000000000075,40N085HYN2P2 20251112_//NP8A000253164936
NL73RABO0350800502
:86:/EREF/20251112_1_4/TRCD/1085/ORDP//NAME/Rabobank Smart Pay/REMI/R
abo Smart Pay omzet bijschrijving Transacties van: 2025-11-11 Bet
aalpunt_HYN2P2 20251112_1
:61:251112C000000000607,57N541NONREF//43264205089
NL10INGB0004761958
:86:/TRCD/541/ORDP//NAME/Hr G van den Bosch/REMI/Factnr 240107155 Deb
nr 10297/ISDT/2025-11-12
:61:251106D000000000554,86N631MARF//43264571254
NL08INGB0006658732
:86:/MARF/SR-10168/EREF/0000100002010000192000006309RCUR/PREF/0000100
002010000192000000001RCUR/TRCD/631/RTRN/AM04/BENM//NAME/R. Hindri
ks/REMI/1000000240106117 240106117/ULTD//NAME/R. Hindriks
:61:251112C000000000207,09N541NONREF//43264595197
NL10INGB0004761958
:86:/TRCD/541/ORDP//NAME/Hr G van den Bosch/REMI/Factnr 240107488 Deb
nr 10297/ISDT/2025-11-12
:61:251112C000000000170,51N541EREF//OO9T005199612890
NL81RABO0159933943
:86:/EREF/OO9B005199612890/PREF/OO9B005199612890/TRCD/541/ORDP//NAME/
Nannini B.V./REMI/240107448/ISDT/2025-11-12
:61:251112C000000000039,20N541EREF//OO9T005200436402
NL36RABO0115252770
:86:/EREF/OO9B005200436402/PREF/OO9B005200436402/TRCD/541/ORDP//NAME/
J.R. Jaarsma/REMI/Factuurnummer. 240107536 deb.nr. 10135/ISDT/202
5-11-12
:61:251112C000000000010,64N541EREF//OO9T005200443270
NL36RABO0115252770
:86:/EREF/OO9B005200443270/PREF/OO9B005200443270/TRCD/541/ORDP//NAME/
J.R. Jaarsma/REMI/Factuurnummer. 240107538  deb.nr. 10135/ISDT/20
25-11-12
:61:251112C000000000607,57N541NONREF//PEIP-20251112128
NL89INGB0005430224
:86:/TRCD/541/ORDP//NAME/Mw SJ Moore,Hr J Koekkoek/REMI/10239 factuur
 240107132/ISDT/2025-11-12
:61:251112C000000000607,57N541NONREF//PEIP-20251112128
NL89INGB0005430224
:86:/TRCD/541/ORDP//NAME/Mw SJ Moore,Hr J Koekkoek/REMI/10239 factuur
 240107176/ISDT/2025-11-12
:61:251112C000000000607,57N541NONREF//PEIP-20251112128
NL89INGB0005430224
:86:/TRCD/541/ORDP//NAME/Mw SJ Moore,Hr J Koekkoek/REMI/10239 factuur
 240107181/ISDT/2025-11-12
:61:251112C000000000554,86N541EREF//OO9T005200674829
NL11RABO0371216044
:86:/EREF/OO9B005200674829/PREF/OO9B005200674829/TRCD/541/ORDP//NAME/
J.G. van Eerden/REMI/Debt.nr. 10175   Fact.nr.240107212/ISDT/2025
 11-12
:61:251113D000000000358,31N572PREF
0000000000
:86:/PREF/0000100002050000196000000001/TRCD/572/INIT//NAME/Afas Softw
are B.V./ISDT/2025-11-13
:61:251113D000000000223,32N572PREF
0000000000
:86:/PREF/0000100002060000197000000001/TRCD/572/INIT//NAME/Afas Softw
are B.V./ISDT/2025-11-13
:61:251113D000000000605,00N572PREF
0000000000
:86:/PREF/0000100002070000198000000001/TRCD/572/INIT//NAME/Afas Softw
are B.V./ISDT/2025-11-13
:61:251113D000000003179,88N572PREF
0000000000
:86:/PREF/0000100002080000199000000001/TRCD/572/INIT//NAME/Afas Softw
are B.V./ISDT/2025-11-13
:61:251112C000000000164,80N541EREF//OO9T005201221477
NL84RABO0300803885
:86:/EREF/OO9B005201221477/PREF/OO9B005201221477/TRCD/541/ORDP//NAME/
J.K. van der Laan eo A.D. Klont/REMI/240107267/ISDT/2025-11-12
:61:251112C000000000607,57N541EREF//OO9T005201228994
NL84RABO0300803885
:86:/EREF/OO9B005201228994/PREF/OO9B005201228994/TRCD/541/ORDP//NAME/
J.K. van der Laan eo A.D. Klont/REMI/240106933/ISDT/2025-11-12
:62F:C251112EUR000000517074,06
:64:C251112EUR000000521440,57
:65:C251113EUR000000517074,06
:65:C251114EUR000000517074,06
:65:C251115EUR000000517074,06
:65:C251116EUR000000517074,06
