{1:F01DEUTDEFFXP9Y0000000000}{2:O9402110250603DEUTDEFFCXXX00000000002506032110N}{3:{108:                }}{4:
:20:410193537800
:25:37070060/19353780000
:28C:00106/001
:60F:C250602EUR0,00
:61:2506030603C1500,00NTRFNONREF//03TG250603727668
/OCMT/EUR1500,00/
:86:088?00TRANSFER?109696/047?20AMT+EUR1500,00?21DOM.PAYM.  03TG25060
3727668?22SVWZ+146017563?30HYVEDEMMXXX?31DE13743200730003730000?3
2BAY. MILCHINDUSTRIEO/E.ON-A?33LLEE 1
:61:2506020603C97,00NTRFNONREF//RTE2ECHxRMBd0e
:86:168?00SEPA INSTANT PAYMENT?109075/613?20EREF+NOTPROVIDED?21SVWZ+6
584303 MAAS?30NOLADE21SDL?31DE95810505554000258775?32KORBRIE, INA
:61:2506020603C162,00NTRFNONREF//RTE2ECy6phcdkk
:86:168?00SEPA INSTANT PAYMENT?109075/613?20EREF+NOTPROVIDED?21SVWZ+B
UCHUNGSNUMMER 6308936?22 ANDREAS HASEE?30PBNKDEFFXXX?31DE52600100
700714940709?32ANDREAS HASEE CLAUDIA HASEE?33-DANNEWALD
:61:2506020603C580,00NTRFNONREF//RTE2ECsOwfJVlN
:86:168?00SEPA INSTANT PAYMENT?109075/613?20EREF+NOTPROVIDED?21SVWZ+B
UCHUNGSNUMMER 5072832?30PBNKDEFFXXX?31DE14100100100103880122?32KI
ERAN TETTEH
:61:2506020603C874,34NTRFNONREF//RTE2ECIA0B5Nyc
:86:168?00SEPA INSTANT PAYMENT?109075/613?20EREF+IPACEB56EA2EAD24091B
45?21485EA9DAD7D84?22SVWZ+582898?30BILLLULLXXX?31LU07002791014285
9100?32M. STEVE MATZKOWIAK
:61:2506020603C1379,24NTRFNONREF//RTE2ECsNMF9o1a
:86:168?00SEPA INSTANT PAYMENT?109075/613?20EREF+NOTPROVIDED?21SVWZ+B
UCHUNGSNUMMER 4861297?30KREDBEBBXXX?31BE59734063517326?32FURNEMON
T LEE
:61:2506020603C2102,37NTRFNONREF//RTE2ECQqvzw6WX
:86:168?00SEPA INSTANT PAYMENT?109075/613?20EREF+MOB.153.EE.POS001442
56?21SVWZ+BUCHUNGSNR. 6369567?30COBADEFFXXX?31DE75820400000403624
000?32LUTZ VOLKMAR
:62M:C250603EUR6694,95
-}{1:F01DEUTDEFFXP9Y0000000000}{2:O9402110250603DEUTDEFFCXXX00000000002506032110N}{3:{108:                }}{4:
:20:410193537800
:25:37070060/19353780000
:28C:00106/002
:60M:C250603EUR6694,95
:61:2506020603C2553,12NTRFNONREF//RTE2ECIeUsYWkg
:86:168?00SEPA INSTANT PAYMENT?109075/613?20EREF+IPAED0EE9F8940C4788A
E6?21C5A88D2F2DAA6?22SVWZ+584339?30BILLLULLXXX?31LU06002311013359
4500?32M.MME STEVE MATZKOWIAK-GENG?33LER
:61:2506030603C4,84NTRFNONREF//2515449172821584
:86:166?00SEPA-CREDIT TRANSFER?109075/611?20EREF+KERSTIN STOLBERG?21S
VWZ+4233845-STORNIERUNG?30INGDDEFFXXX?31DE34500105175442051402?32
KERSTIN STOLBERG
:61:2506030603C6,41NTRFNONREF//2515449156733492
:86:166?00SEPA-CREDIT TRANSFER?109075/611?20EREF+NOTPROVIDED?21SVWZ+B
UCHUNGSNUMMER 2349259?30SDUEDE33XXX?31DE07395501100008625709?32AN
NIKA HEIMBACH
:61:2506030603C9,16NTRFNONREF//2515449167359737
:86:166?00SEPA-CREDIT TRANSFER?109075/611?20EREF+NOTPROVIDED?21SVWZ+B
NR. 6971556?30NOLADE21GRW?31DE08150505001333010792?32KASPEREIT, G
RIT
:61:2506030603C13,74NTRFNONREF//2515449167449147
:86:166?00SEPA-CREDIT TRANSFER?109075/611?20EREF+NOTPROVIDED?21SVWZ+B
UCHUNGSNUMMER 8533587?30HELADEF1KAS?31DE08520503531005175683?32NA
TALIE THUNECKE
:61:2506030603C16,30NTRFNONREF//RTE2EF5VjYfjWU
:86:168?00SEPA INSTANT PAYMENT?109075/613?20EREF+NOTPROVIDED?21SVWZ+3
051428- RESTZAHLUNG?30SLZODE22XXX?31DE68280501000091274761?32RALF
 KUNZE STEFANIE KUNZE
:61:2506030603C20,00NTRFNONREF//2515449161425252
:86:166?00SEPA-CREDIT TRANSFER?109075/611?20EREF+NOTPROVIDED?21SVWZ+B
UCHUNGSNR 5445237?30CMCIDEDDXXX?31DE62300209003441408900?32PAWEL 
FINK
:61:2506030603C25,15NTRFNONREF//2515449157021512
:86:166?00SEPA-CREDIT TRANSFER?109075/611?20EREF+31561530507901791792
37?213?22SVWZ+2136347?30GENODEF1COP?31DE26254626800041121300?32JA
CQUELINE REMMER
:62M:C250603EUR9343,67
-}{1:F01DEUTDEFFXP9Y0000000000}{2:O9402110250603DEUTDEFFCXXX00000000002506032110N}{3:{108:                }}{4:
:20:410193537800
:25:37070060/19353780000
:28C:00106/003
:60M:C250603EUR9343,67
:61:2506030603C28,79NTRFNONREF//2515449167029974
:86:166?00SEPA-CREDIT TRANSFER?109075/611?20EREF+NOTPROVIDED?21SVWZ+R
ESERVIERUNG 1847090 -?22 KULAK?30COLSDE33XXX?31DE1937050198193581
7724?32GOKHAN KULAK
:61:2506030603C29,02NTRFNONREF//2515449157393560
:86:166?00SEPA-CREDIT TRANSFER?109075/611?20EREF+NOTPROVIDED?21SVWZ+B
UCHUNGSNUMMER 3075776?30INGDDEFFXXX?31DE37500105175430460430?32CA
TRIN BAUMGARTEN
:61:2506030603C36,11NTRFNONREF//2515449167316339
:86:166?00SEPA-CREDIT TRANSFER?109075/611?20EREF+NOTPROVIDED?21SVWZ+K
D.-NR. /BUCHUNGSNR. 2?22472500 URLAUB?30COLSDE33XXX?31DE183705019
80121006621?32ALEXANDRA GOCKLER
:61:2506030603C36,82NTRFNONREF//2515449169384281
:86:166?00SEPA-CREDIT TRANSFER?109075/611?20EREF+NOTPROVIDED?21SVWZ+B
UCHUNGSNR.: 5279981?30WELADED1WTN?31DE08452500350101411957?32MARC
EL ENGLISCH JENNIFER EN?33GLISCH
:61:2506030603C39,80NTRFNONREF//2515449156593437
:86:166?00SEPA-CREDIT TRANSFER?109075/611?20EREF+MOB.153.UE.POS005567
28?21SVWZ+BUCHUNGSNUMMER 1263338?30COBADEFFXXX?31DE94760400610560
309700?32SANDRA URSULA JANINE BAUER
:61:2506030603C39,80NTRFNONREF//2515449169963901
:86:166?00SEPA-CREDIT TRANSFER?109075/611?20EREF+NOTPROVIDED?21SVWZ+1
268244?30DEUTDEDDP05?31DE81310702060057925000?32SVENJA BEISHEIM
:61:2506030603C42,60NTRFNONREF//2515449156405510
:86:166?00SEPA-CREDIT TRANSFER?109075/611?20EREF+52221533473601791667
70?215?22SVWZ+BUCHUNGSNR.5357750?30MVBMDE55XXX?31DE36551900000753
856012?32OLAF TREBER
:62M:C250603EUR9596,61
-}{1:F01DEUTDEFFXP9Y0000000000}{2:O9402110250603DEUTDEFFCXXX00000000002506032110N}{3:{108:                }}{4:
:20:410193537800
:25:37070060/19353780000
:28C:00106/004
:60M:C250603EUR9596,61
:61:2506030603C42,84NTRFNONREF//2515449156638560
:86:166?00SEPA-CREDIT TRANSFER?109075/611?20EREF+NOTPROVIDED?21SVWZ+B
UCHUNGS NR. 5174708?30GENODE51KS1?31DE28520900000100360403?32NICO
LE DORING
:61:2506030603C43,00NTRFNONREF//2515449167425664
:86:166?00SEPA-CREDIT TRANSFER?109075/611?20EREF+NOTPROVIDED?21SVWZ+4
758458?30NOLADE21WBL?31DE76805501014516046399?32TOMCZAK, INGRID
:61:2506030603C43,80NTRFNONREF//2515449167029821
:86:166?00SEPA-CREDIT TRANSFER?109075/611?20EREF+NOTPROVIDED?21SVWZ+8
447031?30COLSDE33XXX?31DE50370501981901593044?32LAURA SCHLEIFFER
:61:2506030603C45,00NTRFNONREF//RTE2EEN4mOnA20
:86:168?00SEPA INSTANT PAYMENT?109075/613?20EREF+1814BD51B5AA46028B9E
B2?2100249A25B7?22SVWZ+FERIENHAUSWAHL 768 KOL?23MEL BUCHUNG 41150
00?30DEFFDEFFXXX?31DE30500240244691260501?32EVELYN KOLMEL
:61:2506030603C48,41NTRFNONREF//2515449156495078
:86:152?00SEPA-CREDIT TRANSFER?109075/611?20EREF+NOTPROVIDED?21SVWZ+B
UCHUNGSNUMMER 2656924?30COBADEFFXXX?31DE30350400380621835801?32JE
NNIFER KARSCH
:61:2506030603C48,90NTRFNONREF//RTE2EFJxlKOEWp
:86:168?00SEPA INSTANT PAYMENT?109075/613?20EREF+NOTPROVIDED?21SVWZ+S
TORNIERUNG NR. 949847?224?30WELADED1MIN?31DE49490501010087483962?
32DIRK BRUCKNER
:61:2506030603C50,00NTRFNONREF//RTE2EE7u55xWDO
:86:168?00SEPA INSTANT PAYMENT?109075/613?20EREF+NOTPROVIDED?21SVWZ+7
387346?22ABWA+DARIUSZ WEHRMANN, SABR?23INA WEHRMANN?30SPKHDE2HXXX
?31DE41250501801912158132?32DARIUSZ WEHRMANN SABRINA WE?33HRMANN
:62M:C250603EUR9918,56
-}{1:F01DEUTDEFFXP9Y0000000000}{2:O9402110250603DEUTDEFFCXXX00000000002506032110N}{3:{108:                }}{4:
:20:410193537800
:25:37070060/19353780000
:28C:00106/005
:60M:C250603EUR9918,56
:61:2506030603C50,00NTRFNONREF//RTE2EETIZRQx4F
:86:168?00SEPA INSTANT PAYMENT?109075/613?20EREF+MOB.154.EE.POS000506
48?21SVWZ+6031516?30COBADEFFXXX?31DE93410400180504884800?32MIRCO 
URBAN
:61:2506030603C50,27NTRFNONREF//RTE2EFC8vABrr2
:86:168?00SEPA INSTANT PAYMENT?109075/613?20EREF+NOTPROVIDED?21SVWZ+B
 NR 94346?30GENODE61WIE?31DE88672922000140793205?32HORST MULLER
:61:2506030603C50,60NTRFNONREF//2515449156769968
:86:166?00SEPA-CREDIT TRANSFER?109075/611?20EREF+NOTPROVIDED?21SVWZ+B
UCHUNGSNUMMER 2933453?30GENODED1FHH?31DE09370623651711417016?32BE
NJAMIN UND TAMARA HOEKSTR?33A
:61:2506030603C56,08NTRFNONREF//2515449167026126
:86:166?00SEPA-CREDIT TRANSFER?109075/611?20EREF+NOTPROVIDED?21SVWZ+5
115685?30WELADED1KLE?31DE03324500000005445200?32ANDREAS ODER PETR
A LOMME
:61:2506030603C56,42NTRFNONREF//RTE2EEfWmteK7C
:86:168?00SEPA INSTANT PAYMENT?109075/613?20EREF+95535825C9114D3A9F3E
0F?218332954C5B?22SVWZ+BUCHUNGSNUMMER 7098530?30DEFFDEFFXXX?31DE8
1500240246195214901?32CHRISTOPH FISCHER
:61:2506030603C59,00NTRFNONREF//2515449171278772
:86:166?00SEPA-CREDIT TRANSFER?109075/611?20EREF+NOTPROVIDED?21SVWZ+4
96566?30GENODEF1BEV?31DE74292657473607507802?32HAUKE LILIENTHAL
:61:2506030603C63,75NTRFNONREF//2515449166839054
:86:166?00SEPA-CREDIT TRANSFER?109075/611?20EREF+NOTPROVIDED?21SVWZ+1
657143  BETTWASCHEPAC?22KET KERSTIN EINICKE-MOPERT?30DEUTDEDBLEG?
31DE66860700240652873100?32KERSTIN BETTINA EINICKE-MOP?33ERT
:62M:C250603EUR10304,68
-}{1:F01DEUTDEFFXP9Y0000000000}{2:O9402110250603DEUTDEFFCXXX00000000002506032110N}{3:{108:                }}{4:
:20:410193537800
:25:37070060/19353780000
:28C:00106/006
:60M:C250603EUR10304,68
:61:2506030603C66,00NTRFNONREF//2515449156637953
:86:152?00SEPA-CREDIT TRANSFER?109075/611?20EREF+NOTPROVIDED?21SVWZ+5
556634?30BYLADEM1001?31DE75120300001017306653?32STEFFEN GUTHMANN 
UND SOPHIE?33GUTHMANN
:61:2506030603C71,00NTRFNONREF//2515449161752504
:86:166?00SEPA-CREDIT TRANSFER?109075/611?20EREF+NOTPROVIDED?21SVWZ+6
830843?30INGDDEFFXXX?31DE48500105175419595165?32MICHELE EPPLER
:61:2506030603C72,32NTRFNONREF//RTE2EE3lPwchor
:86:168?00SEPA INSTANT PAYMENT?109075/613?20EREF+NOTPROVIDED?21SVWZ+8
178562?30GENODEF1LZN?31DE33230612200003007901?32NICOLE HEBEL
:61:2506030603C73,70NTRFNONREF//2515449157360424
:86:166?00SEPA-CREDIT TRANSFER?109075/611?20EREF+202505280161600?21SV
WZ+R:3-81993324/569  AFG:?22VI VAN 28/05 TOT 28/05?23    BRT:0000
074,10EUR C:000?2400,40?30GEBABEBB?31BE39210096870619?32WORLDLINE
:61:2506030603C79,72NTRFNONREF//RTE2EEyKOgfcpG
:86:168?00SEPA INSTANT PAYMENT?109075/613?20EREF+NOTPROVIDED?21SVWZ+B
UCHUNGSNUMMER 5295062?30DEUTDEDB546?31DE46546700240016939100?32AN
DREAS BITTLINGER
:61:2506030603C79,90NTRFNONREF//2515449169540970
:86:166?00SEPA-CREDIT TRANSFER?109075/611?20EREF+NOTPROVIDED?21SVWZ+B
UCHUNGSNUMMER 7985141?30CSDBDE71XXX?31DE32760300800230026878?32SA
BINE HUTTENLOCHER THOMAS?33HUTTENLOCHER
:61:2506030603C80,00NTRFNONREF//2515449169620584
:86:166?00SEPA-CREDIT TRANSFER?109075/611?20EREF+NOTPROVIDED?21SVWZ+9
566685         LISA E?22HSES?30MALADE51BKS?31DE805875123000323848
51?32LISA-MARIE EHSES
:62M:C250603EUR10827,32
-}{1:F01DEUTDEFFXP9Y0000000000}{2:O9402110250603DEUTDEFFCXXX00000000002506032110N}{3:{108:                }}{4:
:20:410193537800
:25:37070060/19353780000
:28C:00106/007
:60M:C250603EUR10827,32
:61:2506030603C81,73NTRFNONREF//2515449171418174
:86:166?00SEPA-CREDIT TRANSFER?109075/611?20EREF+MOB.154.UE.POS001922
90?21SVWZ+BUCHUNGSNUMMER 590686?30COBADEFFXXX?31DE603704004403776
93700?32SONJA BLATZ
:61:2506030603C84,11NTRFNONREF//2515449171441647
:86:166?00SEPA-CREDIT TRANSFER?109075/611?20EREF+NOTPROVIDED?21SVWZ+6
536119?30SOLADES1RVB?31DE95650501100024611248?32SILVIA KITZELMANN
:61:2506030603C88,50NTRFNONREF//2515449161761780
:86:166?00SEPA-CREDIT TRANSFER?109075/611?20EREF+NOTPROVIDED?21SVWZ+4
542891?30INGDDEFFXXX?31DE58500105175444886571?32JANA LOEFFLER
:61:2506030603C88,64NTRFNONREF//2515449156543796
:86:166?00SEPA-CREDIT TRANSFER?109075/611?20EREF+NOTPROVIDED?21SVWZ+A
NZHLG. BU.NR. 6637364?22         08.05. - 11.05.26?23            
     NIEKE PIRM?24ASENS?30MALADE51SWP?31DE78542500100100179464?32
ILONA NIECKE
:61:2506030603C89,30NTRFNONREF//2515449167013851
:86:166?00SEPA-CREDIT TRANSFER?109075/611?20EREF+NOTPROVIDED?21SVWZ+B
UCHUNGSNR. 6903279?30BYLADEM1ERD?31DE69700519950000488940?32POINT
NER, ANDREAS
:61:2506030603C90,50NTRFNONREF//2515449156995035
:86:166?00SEPA-CREDIT TRANSFER?109075/611?20EREF+NOTPROVIDED?21SVWZ+B
UNR8948753 FERIENPARK?30WELADED1REK?31DE04426501500004249066?32SO
SNOWSKI, ALFRED U.GRAZYNA
:61:2506030603C95,20NTRFNONREF//2515449172565799
:86:166?00SEPA-CREDIT TRANSFER?109075/611?20EREF+NOTPROVIDED?21SVWZ+4
514830?30GENODEF1VAR?31DE34282626730359116600?32VERENA JURGENS
:61:2506030603C100,00NTRFNONREF//RTE2EFc9SvOb0C
:86:168?00SEPA INSTANT PAYMENT?109075/613?20EREF+ANZAHLUNG?21SVWZ+BUC
HUNGSNUMMER 5702064?30HYVEDEMM432?31DE44590200900353753495?32END 
NORBERT
:62M:C250603EUR11545,30
-}{1:F01DEUTDEFFXP9Y0000000000}{2:O9402110250603DEUTDEFFCXXX00000000002506032110N}{3:{108:                }}{4:
:20:410193537800
:25:37070060/19353780000
:28C:00106/008
:60M:C250603EUR11545,30
:61:2506030603C100,00NTRFNONREF//2515449161873638
:86:152?00SEPA-CREDIT TRANSFER?109075/611?20EREF+NOTPROVIDED?21SVWZ+B
UCHUNGSNUMMER 1682791?30CMCIDEDDXXX?31DE26300209003280890553?32 S
AMANTHA SYLVIA PAETOW
:61:2506030603C100,00NTRFNONREF//2515449167473403
:86:166?00SEPA-CREDIT TRANSFER?109075/611?20EREF+NOTPROVIDED?21SVWZ+3
900573?30WELADED1MIN?31DE63490501010031758568?32MAIKE HORSTMEIER
:61:2506030603C100,00NTRFNONREF//2515449169587264
:86:166?00SEPA-CREDIT TRANSFER?109075/611?20EREF+NOTPROVIDED?21SVWZ+4
342410?30GENODEM1GLS?31DE84430609671059064900?32CHRISTIAN U. VERA
 REINSTADT?33LER
:61:2506030603C101,26NTRFNONREF//2515449171265342
:86:166?00SEPA-CREDIT TRANSFER?109075/611?20EREF+NOTPROVIDED?21SVWZ+4
716932?30GENODEF1SDE?31DE67241910151015932002?32IRINA LUHRING
:61:2506030603C102,12NTRFNONREF//2515449167302051
:86:166?00SEPA-CREDIT TRANSFER?109075/611?20EREF+NOTPROVIDED?21SVWZ+2
931070 MATHIAS?30SPESDE3EXXX?31DE69360501050006178230?32GEORG MAT
HIAS MARTINA MATHI?33AS
:61:2506030603C107,04NTRFNONREF//RTE2EFcDirlcTF
:86:168?00SEPA INSTANT PAYMENT?109075/613?20EREF+NOTPROVIDED?21SVWZ+B
UCHUNGSNUMMER 5069881?30GENODED1GDL?31DE32320613844313906014?32NI
COLE STIENEN
:61:2506030603C109,00NTRFNONREF//2515449172626686
:86:166?00SEPA-CREDIT TRANSFER?109075/611?20EREF+NOTPROVIDED?21SVWZ+5
657008?30NOLADE21SWB?31DE21254501100113504419?32MICHAELA JOCHIM
:62M:C250603EUR12264,72
-}{1:F01DEUTDEFFXP9Y0000000000}{2:O9402110250603DEUTDEFFCXXX00000000002506032110N}{3:{108:                }}{4:
:20:410193537800
:25:37070060/19353780000
:28C:00106/009
:60M:C250603EUR12264,72
:61:2506030603C113,15NTRFNONREF//2515449167449185
:86:166?00SEPA-CREDIT TRANSFER?109075/611?20EREF+NOTPROVIDED?21SVWZ+B
UCHUNGSNUMMER 5344441?22 HEIMANN, BARBEL?23ABWA+HEIMANN, BERND, B
ARBEL?24 HEIMANN?30NOLADE21HAL?31DE14800537624900292155?32HEIMANN
, BERND, BARBEL HEIM?33ANN
:61:2506030603C115,33NTRFNONREF//RTE2EEhYRN1SuI
:86:168?00SEPA INSTANT PAYMENT?109075/613?20EREF+NOTPROVIDED?21SVWZ+B
UCHUNGSNUMMER 820267?22NICOLE WINGENS?30GENODED1NLD?31DE433056054
83024974013?32MARCEL DAVID WINGENS
:61:2506030603C115,55NTRFNONREF//2515449157124437
:86:166?00SEPA-CREDIT TRANSFER?109075/611?20EREF+CT-1-02.06.2025?21SV
WZ+BUCHUNGSNUMMER 4722301?30GENODES1LAI?31DE93630913000464609003?
32RAINER SCHMID
:61:2506030603C122,57NTRFNONREF//2515449153556600
:86:166?00SEPA-CREDIT TRANSFER?109075/611?20EREF+NOTPROVIDED?21SVWZ+6
462441?30PBNKDEFFXXX?31DE35500100600321439606?32DANIEL PATRICK HU
TSCH
:61:2506030603C128,73NTRFNONREF//2515449157443526
:86:166?00SEPA-CREDIT TRANSFER?109075/611?20EREF+NOTPROVIDED?21SVWZ+5
083125?30INGDDEFFXXX?31DE09500105175400988357?32KATHRIN KESSLER
:61:2506030603C129,50NTRFNONREF//2515449156155461
:86:166?00SEPA-CREDIT TRANSFER?109075/611?20EREF+NOTPROVIDED?21SVWZ+3
789275?30GENODEF1WOB?31DE40269910661609602000?32SONJA SCHUKOWSKI
:61:2506030603C129,88NTRFNONREF//2515449172437302
:86:166?00SEPA-CREDIT TRANSFER?109075/611?20EREF+FERIENPARK KEMPENSE 
ME?21REN AB 20.10.?22SVWZ+BUCHUNGSNUMMER 3946974?30DEUTDEDBKOE?31
DE17370700240213994700?32LOREDANA MICCICHE
:62M:C250603EUR13119,43
-}{1:F01DEUTDEFFXP9Y0000000000}{2:O9402110250603DEUTDEFFCXXX00000000002506032110N}{3:{108:                }}{4:
:20:410193537800
:25:37070060/19353780000
:28C:00106/010
:60M:C250603EUR13119,43
:61:2506030603C131,31NTRFNONREF//RTE2EFbBYtmpa5
:86:168?00SEPA INSTANT PAYMENT?109075/613?20EREF+NOTPROVIDED?21SVWZ+8
727960?30GENODE61BBB?31DE92660908000004536630?32MATTHIAS WETSCH
:61:2506030603C136,38NTRFNONREF//2515449171381046
:86:166?00SEPA-CREDIT TRANSFER?109075/611?20EREF+NOTPROVIDED?21SVWZ+5
388959?30COLSDE33XXX?31DE02370501981900919273?32DENISE KEIL-HARIG
:61:2506030603C140,00NTRFNONREF//2515449169716621
:86:166?00SEPA-CREDIT TRANSFER?109075/611?20EREF+NOTPROVIDED?21SVWZ+6
103830?30NOLADE21HOL?31DE84213522400201072270?32TATJANA BEIRIT
:61:2506030603C147,93NTRFNONREF//2515449156386456
:86:166?00SEPA-CREDIT TRANSFER?109075/611?20EREF+NOTPROVIDED?21SVWZ+9
623314?30GENODES1FDS?31DE98642910100035248009?32RALF STRAUB
:61:2506030603C147,99NTRFNONREF//2515449167391488
:86:152?00SEPA-CREDIT TRANSFER?109075/611?20EREF+NOTPROVIDED?21SVWZ+1
751134?30DORTDE33XXX?31DE49440501990841103025?32MANUELA VOGELGESA
NG-FURST
:61:2506030603C149,65NTRFNONREF//RTE2EEUIa0OMCb
:86:168?00SEPA INSTANT PAYMENT?109075/613?20EREF+NOTPROVIDED?21SVWZ+B
UCHUNGSNR. 2276477?30WELADED1PLX?31DE55870580004823007218?32SUSAN
N OTTIGER
:61:2506030603C150,20NTRFNONREF//2515449169596256
:86:166?00SEPA-CREDIT TRANSFER?109075/611?20EREF+NOTPROVIDED?21SVWZ+3
289840 ANZAHLUNG?30MALADE51NWD?31DE27574501200101106789?32MARCUS 
BECKER
:61:2506030603C153,62NTRFNONREF//2515449167377469
:86:166?00SEPA-CREDIT TRANSFER?109075/611?20EREF+NOTPROVIDED?21SVWZ+B
 907464?30NOLADE21WIS?31DE87140510001506349346?32FABIAN ZOCHER UN
D FRAU MONI?33K RING
:62M:C250603EUR14276,51
-}{1:F01DEUTDEFFXP9Y0000000000}{2:O9402110250603DEUTDEFFCXXX00000000002506032110N}{3:{108:                }}{4:
:20:410193537800
:25:37070060/19353780000
:28C:00106/011
:60M:C250603EUR14276,51
:61:2506030603C158,41NTRFNONREF//2515449161254401
:86:166?00SEPA-CREDIT TRANSFER?109075/611?20EREF+NOTPROVIDED?21SVWZ+7
818120?30HYVEDEMM300?31DE83200300000014794911?32REINDEL GUENTHER
:61:2506030603C159,32NTRFNONREF//2515449171426411
:86:166?00SEPA-CREDIT TRANSFER?109075/611?20EREF+CCB.154.UE.POS001276
26?21SVWZ+BUCHUNG 1028860?30COBADEFFXXX?31DE53390400130112885900?
32SIEGFRIED KLINKHAMMER MARGR?33IT AGNES GERTRUD KLINKHAMME
:61:2506030603C162,20NTRFNONREF//2515449153487132
:86:166?00SEPA-CREDIT TRANSFER?109075/611?20EREF+NOTPROVIDED?21SVWZ+B
UCHUNGSNUMMER 6308936?22 ANDREAS HASEE?30PBNKDEFFXXX?31DE52600100
700714940709?32ANDREAS HASEE CLAUDIA HASEE?33-DANNEWALD
:61:2506030603C162,73NTRFNONREF//2515449156301403
:86:166?00SEPA-CREDIT TRANSFER?109075/611?20EREF+NOTPROVIDED?21SVWZ+B
UCHUNGSNUMMER 5227918?30BYLADEM1001?31DE34120300001001389012?32SI
NA KORTE
:61:2506030603C169,96NTRFNONREF//2515449157377181
:86:166?00SEPA-CREDIT TRANSFER?109075/611?20EREF+202505290094052?21SV
WZ+R:9-81993324/570  AFG:?22MC VAN 29/05 TOT 29/05?23    BRT:0000
171,00EUR C:000?2401,04?30GEBABEBB?31BE39210096870619?32WORLDLINE
:61:2506030603C170,23NTRFNONREF//2515449169567927
:86:166?00SEPA-CREDIT TRANSFER?109075/611?20EREF+NOTPROVIDED?21SVWZ+B
UCHUNGSNUMMER 544273?22ABWA+TILO + ANJA PFERSCHING?30BRUSDE66?31D
E78663500360015249148?32TILO UND ANJA PFERSCHING
:61:2506030603C175,04NTRFNONREF//2515449172770571
:86:166?00SEPA-CREDIT TRANSFER?109075/611?20EREF+NOTPROVIDED?21SVWZ+B
UCHUNGSNUMMER 625787?22ANZAHLUNG FRANK BOYKEN?30SBREDE22XXX?31DE1
6290501010015150956?32FRANK BOYKEN
:62M:C250603EUR15434,40
-}{1:F01DEUTDEFFXP9Y0000000000}{2:O9402110250603DEUTDEFFCXXX00000000002506032110N}{3:{108:                }}{4:
:20:410193537800
:25:37070060/19353780000
:28C:00106/012
:60M:C250603EUR15434,40
:61:2506030603C178,59NTRFNONREF//2515449167415211
:86:166?00SEPA-CREDIT TRANSFER?109075/611?20EREF+NOTPROVIDED?21SVWZ+B
UCHUNGSNUMMER 9753390?22 ANZAHLUNG TERMIN 09.06.202?235 PARK EIFE
L 30.03.26-03.04?24.2026?30WELADED1BOC?31DE52430500010101322253?3
2CHRISTIAN UND CORNELIA KONE?33MANN
:61:2506030603C179,60NTRFNONREF//2515449171347273
:86:166?00SEPA-CREDIT TRANSFER?109075/611?20EREF+NOTPROVIDED?21SVWZ+5
890011 KAUFHOLD?30AUGSDE77XXX?31DE56720500000252737432?32ANDREAS 
DUNZ
:61:2506030603C184,75NTRFNONREF//2515449167164279
:86:166?00SEPA-CREDIT TRANSFER?109075/611?20EREF+NOTPROVIDED?21SVWZ+3
919982?30GENODED1RLW?31DE26356605990513491018?32KATHARINA STEINHI
LBER
:61:2506030603C185,05NTRFNONREF//RTE2EEaasBQnFW
:86:168?00SEPA INSTANT PAYMENT?109075/613?20EREF+NOTPROVIDED?21SVWZ+5
155439?22ABWA+SEBASTIAN KOTTING, ANG?23ELIQUE KOTTING?30NOLADE21E
MS?31DE80266500011192641403?32SEBASTIAN KOTTING ANGELIQUE?33 KOTT
ING
:61:2506030603C189,92NTRFNONREF//2515449156478909
:86:166?00SEPA-CREDIT TRANSFER?109075/611?20EREF+NOTPROVIDED?21SVWZ+4
191362?30GENODEM1SMA?31DE23460628173701493200?32HEIKE KEWELOH
:61:2506030603C192,60NTRFNONREF//2515449157377187
:86:166?00SEPA-CREDIT TRANSFER?109075/611?20EREF+202505290092418?21SV
WZ+R:5-81359003/031  AFG:?22VI VAN 29/05 TOT 29/05?23    BRT:0000
193,62EUR C:000?2401,02?30GEBABEBB?31BE39210096870619?32WORLDLINE
:61:2506030603C193,52NTRFNONREF//2515449167302807
:86:166?00SEPA-CREDIT TRANSFER?109075/611?20EREF+NOTPROVIDED?21SVWZ+5
350084?30WELADED1OBH?31DE17365500000011142338?32KAHLKE, EVA
:62M:C250603EUR16738,43
-}{1:F01DEUTDEFFXP9Y0000000000}{2:O9402110250603DEUTDEFFCXXX00000000002506032110N}{3:{108:                }}{4:
:20:410193537800
:25:37070060/19353780000
:28C:00106/013
:60M:C250603EUR16738,43
:61:2506030603C198,74NTRFNONREF//2515449161962720
:86:166?00SEPA-CREDIT TRANSFER?109075/611?20EREF+NOTPROVIDED?21SVWZ+K
N 145236788 BN 713725?220 MICHAEL GROSSMANN?30CMCIDEDDXXX?31DE153
00209002302800563?32MICHAEL CHRISTIAN GROSSMANN?33 ODER HELENA GR
OSSMANN
:61:2506030603C200,00NTRFNONREF//RTE2EEKsBfvFpH
:86:168?00SEPA INSTANT PAYMENT?109075/613?20EREF+NOTPROVIDED?21SVWZ+3
909494?30AACSDE33XXX?31DE53390500001073410845?32ILHAM HAMIDI
:61:2506030603C200,00NTRFNONREF//2515449161432694
:86:166?00SEPA-CREDIT TRANSFER?109075/611?20EREF+NOTPROVIDED?21SVWZ+B
UCHUNGSNR: 1164534 OL?22IVER MICHAEL JENTSCH?30CMCIDEDDXXX?31DE23
300209003631170993?32CHRISTA JENTSCH ODER OLIVER?33 MICHAEL JENTS
CH
:61:2506030603C200,00NTRFNONREF//2515449169630181
:86:166?00SEPA-CREDIT TRANSFER?109075/611?20EREF+NOTPROVIDED?21SVWZ+1
7093?22ABWA+DENNIS BLUEMEL, KARIN?23BLUEMEL?30SOLADES1OFG?31DE376
64500501004228466?32DENNIS BLUEMEL KARIN BLUEME?33L
:61:2506030603C200,00NTRFNONREF//2515449169442946
:86:166?00SEPA-CREDIT TRANSFER?109075/611?20EREF+NOTPROVIDED?21SVWZ+B
UCHUNGSNUMMER 2152040?30BBKRDE6B?31DE40603501301002481334?32REIME
R, HENRY U. MONIQUE
:61:2506030603C206,32NTRFNONREF//2515449172442154
:86:166?00SEPA-CREDIT TRANSFER?109075/611?20EREF+B.NR.8007934?21SVWZ+
BU.NR8007934?30DEUTDEDB291?31DE78291726240024530801?32MARLIS WALL
I ERNA PAHL
:61:2506030603C215,68NTRFNONREF//2515449171296551
:86:166?00SEPA-CREDIT TRANSFER?109075/611?20EREF+CT-1-03.06.2025?21SV
WZ+3108493?30GENODED1ERE?31DE21370692521002731017?32WOLFGANG LISS
EK
:62M:C250603EUR18159,17
-}{1:F01DEUTDEFFXP9Y0000000000}{2:O9402110250603DEUTDEFFCXXX00000000002506032110N}{3:{108:                }}{4:
:20:410193537800
:25:37070060/19353780000
:28C:00106/014
:60M:C250603EUR18159,17
:61:2506030603C216,24NTRFNONREF//2515449156606386
:86:166?00SEPA-CREDIT TRANSFER?109075/611?20EREF+NOTPROVIDED?21SVWZ+3
919198?30BYLADEM1001?31DE32120300001018739050?32NILS RAMSPERGER U
ND SARAH R?33AMSPERGER
:61:2506030603C217,19NTRFNONREF//2515449169687697
:86:166?00SEPA-CREDIT TRANSFER?109075/611?20EREF+NOTPROVIDED?21SVWZ+B
UCHUNGSNUMMER 9541945?22ABWA+MANFRED ELLMANN, RITA?23ELLMANN?30SL
ZODE22XXX?31DE78280501000001034511?32MANFRED ELLMANN RITA ELLMAN?
33N
:61:2506030603C218,80NTRFNONREF//2515449156470340
:86:166?00SEPA-CREDIT TRANSFER?109075/611?20EREF+NOTPROVIDED?21SVWZ+9
19652?30BYLADEM1001?31DE94120300000016874695?32FRAUKE WINKELMANN
:61:2506030603C223,05NTRFNONREF//2515449167267548
:86:166?00SEPA-CREDIT TRANSFER?109075/611?20EREF+NOTPROVIDED?21SVWZ+A
NZAHLUNG BUCHUNGSNUMM?22ER 5087833?30WELADEDNXXX?31DE273055000000
03507563?32JENS HEUSER
:61:2506030603C224,20NTRFNONREF//2515449161752866
:86:166?00SEPA-CREDIT TRANSFER?109075/611?20EREF+NOTPROVIDED?21SVWZ+B
UCHUNGSNUMMER?22 9749738?30INGDDEFFXXX?31DE14500105175446613575?3
2LUDGER RINGEL
:61:2506030603C233,05NTRFNONREF//2515449168001280
:86:166?00SEPA-CREDIT TRANSFER?109075/611?20EREF+BUCHUNGSNR 3108504?2
1SVWZ+BUCHUNGSNR. 3108504 AN?22ZAHLUNG?30DEUTDEDB390?31DE27390700
240377714100?32HILLEMACHER,HUBERT,HILLEMAC?33HER,HILD
:61:2506030603C234,66NTRFNONREF//2515449167196869
:86:166?00SEPA-CREDIT TRANSFER?109075/611?20EREF+NOTPROVIDED?21SVWZ+5
243816?30BRLADE21VER?31DE96291526700010851814?32SARAH SCHIERSCH
:62M:C250603EUR19726,36
-}{1:F01DEUTDEFFXP9Y0000000000}{2:O9402110250603DEUTDEFFCXXX00000000002506032110N}{3:{108:                }}{4:
:20:410193537800
:25:37070060/19353780000
:28C:00106/015
:60M:C250603EUR19726,36
:61:2506030603C236,02NTRFNONREF//2515449167401801
:86:166?00SEPA-CREDIT TRANSFER?109075/611?20EREF+NOTPROVIDED?21SVWZ+1
58436?30WELADE3LXXX?31DE75476501300058111782?32THOMAS EBBERS
:61:2506030603C237,91NTRFNONREF//2515449157001557
:86:166?00SEPA-CREDIT TRANSFER?109075/611?20EREF+NOTPROVIDED?21SVWZ+B
UCHUNGSNUMMER 6889859?30GENODEF1ABS?31DE24750690140000706019?32VE
RONIKA HOIBL
:61:2506030603C240,00NTRFNONREF//2515449167153106
:86:166?00SEPA-CREDIT TRANSFER?109075/611?20EREF+NOTPROVIDED?21SVWZ+B
UCHUNG 620452?30NOLADE21STS?31DE58241510050000985200?32THOMAS PRE
SANG UND FRAU DOR?33IS PRESANG
:61:2506030603C243,49NTRFNONREF//2515449171259371
:86:166?00SEPA-CREDIT TRANSFER?109075/611?20EREF+NOTPROVIDED?21SVWZ+9
793463?30GENODEM1IBB?31DE43403619065234445400?32ANDREAS ELLEBRACH
T UND GERD?33A SIMLACHER
:61:2506030603C245,01NTRFNONREF//2515449169521738
:86:166?00SEPA-CREDIT TRANSFER?109075/611?20EREF+NOTPROVIDED?21SVWZ+B
UCHUNGSNUMMER 4456442?22ABWA+DR. MARTIN SONNENTAG D?23R. UTE SONN
ENTAG?30PZHSDE66?31DE95666500850001684833?32DR. MARTIN SONNENTAG 
DR. UT?33E SONNENTAG
:61:2506030603C246,53NTRFNONREF//2515449167441154
:86:166?00SEPA-CREDIT TRANSFER?109075/611?20EREF+NOTPROVIDED?21SVWZ+B
UCHUNGSNR. 6089431, M?22ICHAEL SCHNEIDER?30BELADEBEXXX?31DE301005
00000810315980?32SABRINA SCHNEIDER
:61:2506030603C247,18NTRFNONREF//2515449156218201
:86:166?00SEPA-CREDIT TRANSFER?109075/611?20EREF+15350990474?21SVWZ+A
 3412435?30GENODEF1S03?31DE34720905000000206111?32PETER ONDERKA
:62M:C250603EUR21422,50
-}{1:F01DEUTDEFFXP9Y0000000000}{2:O9402110250603DEUTDEFFCXXX00000000002506032110N}{3:{108:                }}{4:
:20:410193537800
:25:37070060/19353780000
:28C:00106/016
:60M:C250603EUR21422,50
:61:2506030603C249,90NTRFNONREF//2515449171365459
:86:166?00SEPA-CREDIT TRANSFER?109075/611?20EREF+NOTPROVIDED?21SVWZ+4
673818?30HELADEF1WEM?31DE87820510001000222507?32SCHEELER, FRANZIS
KA
:61:2506030603C250,00NTRFNONREF//RTE2EFg2tHpktk
:86:168?00SEPA INSTANT PAYMENT?109075/613?20EREF+NOTPROVIDED?21SVWZ+2
960480?30REVOLT21XXX?31LT023250000902823168?32JENNIFER LAU - LA L
ABEL BEI?33GE
:61:2506030603C250,00NTRFNONREF//2515449156318261
:86:166?00SEPA-CREDIT TRANSFER?109075/611?20EREF+NOTPROVIDED?21SVWZ+6
010290?30BYLADEM1001?31DE55120300001078409156?32STEFANIE FINKE UN
D SASCHA F?33INKE
:61:2506030603C250,00NTRFNONREF//2515449161836433
:86:166?00SEPA-CREDIT TRANSFER?109075/611?20EREF+NOTPROVIDED?21SVWZ+7
949677?30GENODEF1S08?31DE30400605600006136257?32WEMCKEN, JANINE U
ND FABIAN
:61:2506030603C250,00NTRFNONREF//2515449161416159
:86:166?00SEPA-CREDIT TRANSFER?109075/611?20EREF+NOTPROVIDED?21SVWZ+4
946530?30CMCIDEDDXXX?31DE51300209003292307100?32YVONNE PERZ ODER 
MICHAEL PE?33RZ
:61:2506030603C253,19NTRFNONREF//2515449169518585
:86:166?00SEPA-CREDIT TRANSFER?109075/611?20EREF+NOTPROVIDED?21SVWZ+B
UCHUNGSNUMMER 3764017?30WELADE8L?31DE24860555921802623430?32ANDRE
 KROLL
:61:2506030603C257,96NTRFNONREF//2515449156608256
:86:166?00SEPA-CREDIT TRANSFER?109075/611?20EREF+NOTPROVIDED?21SVWZ+8
181970?30BYLADEM1001?31DE94120300001007387382?32SASCHA RUDIGER UN
D JASMINA?33RUDIGER
:61:2506030603C262,40NTRFNONREF//2515449171299042
:86:166?00SEPA-CREDIT TRANSFER?109075/611?20EREF+NOTPROVIDED?21SVWZ+6
751588?30GENODEF1HUM?31DE88217625500003944433?32EVA MARIA ROGGE
:62M:C250603EUR23445,95
-}{1:F01DEUTDEFFXP9Y0000000000}{2:O9402110250603DEUTDEFFCXXX00000000002506032110N}{3:{108:                }}{4:
:20:410193537800
:25:37070060/19353780000
:28C:00106/017
:60M:C250603EUR23445,95
:61:2506030603C263,74NTRFNONREF//2515449171323329
:86:166?00SEPA-CREDIT TRANSFER?109075/611?20EREF+60901540150901791748
13?218?22SVWZ+BUCHUNGSNR 7539389?30GENODE51SB2?31DE57590920005257
410201?32BIRGID LORIG
:61:2506030603C264,32NTRFNONREF//2515449167182042
:86:166?00SEPA-CREDIT TRANSFER?109075/611?20EREF+NOTPROVIDED?21SVWZ+B
UCHUNGSNUMMER 2739416?30GENODE61BBB?31DE51660908000002778467?32AN
NIKA GRUBER
:61:2506030603C264,86NTRFNONREF//2515449167005962
:86:166?00SEPA-CREDIT TRANSFER?109075/611?20EREF+NOTPROVIDED?21SVWZ+1
988144?30BYLADEM1SRS?31DE81764500000750356545?32FRANK STALLWITZ
:61:2506030603C266,24NTRFNONREF//RTE2EEpbHr4GJO
:86:168?00SEPA INSTANT PAYMENT?109075/613?20EREF+NOTPROVIDED?21SVWZ+2
464842 FAMILIE KROLIK?22OWSKI/BRUNS?30GENODEF1WDH?31DE70280662141
206355000?32FRANK BRUNS
:61:2506030603C266,58NTRFNONREF//2515449171316099
:86:166?00SEPA-CREDIT TRANSFER?109075/611?20EREF+NOTPROVIDED?21SVWZ+B
UCHUNGSNUMMER: 701720?227?30GENODEF1ANS?31DE63765600600007521138?
32ANDREAS SCHWAB-FRANCESCONI
:61:2506030603C269,20NTRFNONREF//2515449156955171
:86:166?00SEPA-CREDIT TRANSFER?109075/611?20EREF+NOTPROVIDED?21SVWZ+1
877583?30GENODEF1WOB?31DE55269910667129378000?32PAWEL MAREK PIETR
ZYK
:61:2506030603C270,44NTRFNONREF//2515449159347397
:86:166?00SEPA-CREDIT TRANSFER?109075/611?20EREF+NOTPROVIDED?21SVWZ+6
310069 ZUEGLER?30PBNKDEFFXXX?31DE38600100700725764706?32DANIELA Z
UGLER THORSTEN ZUG?33LER
:61:2506030603C271,36NTRFNONREF//2515449167425895
:86:166?00SEPA-CREDIT TRANSFER?109075/611?20EREF+NOTPROVIDED?21SVWZ+5
057473, PATRICIA STUB?22NER?30HELADEF1TSK?31DE4751250000001353438
1?32PATRICIA STUBNER
:62M:C250603EUR25582,69
-}{1:F01DEUTDEFFXP9Y0000000000}{2:O9402110250603DEUTDEFFCXXX00000000002506032110N}{3:{108:                }}{4:
:20:410193537800
:25:37070060/19353780000
:28C:00106/018
:60M:C250603EUR25582,69
:61:2506030603C277,44NTRFNONREF//2515449169376249
:86:166?00SEPA-CREDIT TRANSFER?109075/611?20EREF+NOTPROVIDED?21SVWZ+2
459034?30WELADED1ARN?31DE27466500050097502967?32STEFAN UND JULIA 
GRAB
:61:2506030603C281,50NTRFNONREF//2515449167432699
:86:166?00SEPA-CREDIT TRANSFER?109075/611?20EREF+NOTPROVIDED?21SVWZ+B
UCHUNGSNUMMER 1284018?22ABWA+FABIAN CHRISTOPHER BEI?23ER, CARINA 
LEA BEIER?30HELADEF1822?31DE25500502011202275697?32FABIAN CHRISTO
PHER BEIER CA?33RINA LEABEIER
:61:2506030603C282,44NTRFNONREF//RTE2EEwTbc2UGu
:86:168?00SEPA INSTANT PAYMENT?109075/613?20EREF+NOTPROVIDED?21SVWZ+B
UCHUNGSNUMMER 5757571?30GENODEM1DKM?31DE40400602650004399100?32CH
RISTIANE ANFANG
:61:2506030603C284,16NTRFNONREF//2515449156837317
:86:166?00SEPA-CREDIT TRANSFER?109075/611?20EREF+NOTPROVIDED?21SVWZ+B
UCHUNGSNUMMER 5505582?30DAAEDEDDXXX?31DE75300606010007082136?32KE
VIN ZWIRTZ
:61:2506030603C286,64NTRFNONREF//2515449172776768
:86:166?00SEPA-CREDIT TRANSFER?109075/611?20EREF+NOTPROVIDED?21SVWZ+B
UCHUNGSNUMMER 8463993?30INGDDEFFXXX?31DE51500105175426697354?32HE
IKO ENGLERT
:61:2506030603C286,68NTRFNONREF//2515449156848053
:86:166?00SEPA-CREDIT TRANSFER?109075/611?20EREF+NOTPROVIDED?21SVWZ+8
805225 YVONNE BARDENH?22AGEN?30GENODEF1OHZ?31DE842916239400530379
00?32YVONNE BARDENHAGEN UND ALEX?33ANDER KUCK
:61:2506030603C296,78NTRFNONREF//2515449156565538
:86:166?00SEPA-CREDIT TRANSFER?109075/611?20EREF+NOTPROVIDED?21SVWZ+6
674576 BUCHUNGSNUMMER?30MALADE51SWP?31DE79542500100101090082?32HE
BER, SALVATORE
:62M:C250603EUR27578,33
-}{1:F01DEUTDEFFXP9Y0000000000}{2:O9402110250603DEUTDEFFCXXX00000000002506032110N}{3:{108:                }}{4:
:20:410193537800
:25:37070060/19353780000
:28C:00106/019
:60M:C250603EUR27578,33
:61:2506030603C298,48NTRFNONREF//2515449167165286
:86:166?00SEPA-CREDIT TRANSFER?109075/611?20EREF+NOTPROVIDED?21SVWZ+B
UCHUNGSNUMMER 6021351?30NOLADE21NOH?31DE04267500010112042841?32AN
DRE KUHL
:61:2506030603C300,00NTRFNONREF//RTE2EEwepHIQfo
:86:168?00SEPA INSTANT PAYMENT?109075/613?20EREF+NOTPROVIDED?21SVWZ+7
793554?30REVODEB2XXX?31DE43100101781026545650?32JORG THOMAS VOGEL
EY
:61:2506030603C300,00NTRFNONREF//2515449156171806
:86:166?00SEPA-CREDIT TRANSFER?109075/611?20EREF+NOTPROVIDED?21SVWZ+B
UCHUNGSNUMMER 9052153?30GENODED1WIL?31DE14384621351513281010?32HE
LMUT UND DOROTHEA SOLBACH
:61:2506030603C300,00NTRFNONREF//2515449156532254
:86:152?00SEPA-CREDIT TRANSFER?109075/611?20EREF+NOTPROVIDED?21SVWZ+B
UCHUNGSNR. 6264463?30BYLADEM1001?31DE22120300001003319819?32MARLE
N GROS
:61:2506030603C300,00NTRFNONREF//2515449167430492
:86:166?00SEPA-CREDIT TRANSFER?109075/611?20EREF+NOTPROVIDED?21SVWZ+3
087211?30NOLADE21BTF?31DE04800537220405650400?32MARIO KARL
:61:2506030603C300,00NTRFNONREF//2515449167447738
:86:166?00SEPA-CREDIT TRANSFER?109075/611?20EREF+NOTPROVIDED?21SVWZ+2
277730?30NASSDE55XXX?31DE02510500150195027560?32SASKIA GEIS-STEIN
KELLNER
:61:2506030603C301,99NTRFNONREF//2515449167468866
:86:166?00SEPA-CREDIT TRANSFER?109075/611?20EREF+NOTPROVIDED?21SVWZ+6
708303?30SKGIDE5FXXX?31DE75513500250041118243?32ANDREJ UND MARIA 
STANG
:61:2506030603C308,34NTRFNONREF//2515449156329506
:86:166?00SEPA-CREDIT TRANSFER?109075/611?20EREF+NOTPROVIDED?21SVWZ+6
946873 ANZAHLUNG?30HELADEF1822?31DE81500502011200741895?32STEPHAN
IE SENAPATHIGE RODRI?33GO
:62M:C250603EUR29987,14
-}{1:F01DEUTDEFFXP9Y0000000000}{2:O9402110250603DEUTDEFFCXXX00000000002506032110N}{3:{108:                }}{4:
:20:410193537800
:25:37070060/19353780000
:28C:00106/020
:60M:C250603EUR29987,14
:61:2506030603C309,62NTRFNONREF//2515449156649070
:86:166?00SEPA-CREDIT TRANSFER?109075/611?20EREF+NOTPROVIDED?21SVWZ+V
ORGANGSNUMMER: 199628?224?30VOBADESS?31DE60600901000227561007?32O
KSANA VETTER UND JOHANN VE?33TTER
:61:2506030603C309,81NTRFNONREF//2515449156534678
:86:166?00SEPA-CREDIT TRANSFER?109075/611?20EREF+NOTPROVIDED?21SVWZ+4
758458?30NOLADE21WBL?31DE76805501014516046399?32TOMCZAK, INGRID
:61:2506030603C312,88NTRFNONREF//2515449169584838
:86:166?00SEPA-CREDIT TRANSFER?109075/611?20EREF+NOTPROVIDED?21SVWZ+5
292202?30GENODEF1WU1?31DE88790900000003714900?32GABI PLASSWIG
:61:2506030603C320,24NTRFNONREF//2515449161735552
:86:166?00SEPA-CREDIT TRANSFER?109075/611?20EREF+NOTPROVIDED?21SVWZ+B
UCHUNGSNR.: 5350084?30GENODED1SPE?31DE56360605910002199131?32DRUM
M, VANESSA
:61:2506030603C329,70NTRFNONREF//2515449167441984
:86:166?00SEPA-CREDIT TRANSFER?109075/611?20EREF+NOTPROVIDED?21SVWZ+4
933941?30HELADEF1FRI?31DE45518500791028110312?32ANKE NIEFANGER
:61:2506030603C335,14NTRFNONREF//2515449171415316
:86:166?00SEPA-CREDIT TRANSFER?109075/611?20EREF+CCB.154.UE.POS001291
43?21SVWZ+BUCHUNG 1017310?30COBADEFFXXX?31DE53390400130112885900?
32SIEGFRIED KLINKHAMMER MARGR?33IT AGNES GERTRUD KLINKHAMME
:61:2506030603C341,74NTRFNONREF//2515449156134785
:86:166?00SEPA-CREDIT TRANSFER?109075/611?20EREF+NOTPROVIDED?21SVWZ+9
460868?30BYLADEM1001?31DE26120300001038717763?32DENNIS TIETZ UND 
KATRIN TIE?33TZ
:61:2506030603C344,04NTRFNONREF//2515449167170696
:86:166?00SEPA-CREDIT TRANSFER?109075/611?20EREF+NOTPROVIDED?21SVWZ+9
499753?30GENODEF1HB1?31DE21291900240073489600?32ECKHARD MASEMANN
:62M:C250603EUR32590,31
-}{1:F01DEUTDEFFXP9Y0000000000}{2:O9402110250603DEUTDEFFCXXX00000000002506032110N}{3:{108:                }}{4:
:20:410193537800
:25:37070060/19353780000
:28C:00106/021
:60M:C250603EUR32590,31
:61:2506030603C350,00NTRFNONREF//2515449161259864
:86:166?00SEPA-CREDIT TRANSFER?109075/611?20EREF+NOTPROVIDED?21SVWZ+7
368591?30HYVEDEMM473?31DE17600202900010479355?32KARCHER JASMIN NA
DIN
:61:2506030603C350,00NTRFNONREF//2515449167489693
:86:166?00SEPA-CREDIT TRANSFER?109075/611?20EREF+NOTPROVIDED?21SVWZ+9
20880?22ABWA+BRUNZELNICO?30WELADED1PMB?31DE98160500004624403660?3
2BRUNZELNICO
:61:2506030603C350,00NTRFNONREF//2515449167448236
:86:166?00SEPA-CREDIT TRANSFER?109075/611?20EREF+NOTPROVIDED?21SVWZ+9
457854 RUHLEMANN ANNE?22TT?30NOLADE21HAL?31DE65800537621901683580
?32RUHLEMANN, STEV
:61:2506030603C351,65NTRFNONREF//2515449167380443
:86:166?00SEPA-CREDIT TRANSFER?109075/611?20EREF+NOTPROVIDED?21SVWZ+4
382049?22ABWA+DANIEL TAPPE, ANN-KATR?23IN TAPPE?30WELADED1LUN?31D
E16441523700105032296?32DANIEL TAPPE ANN-KATRIN TAP?33PE
:61:2506030603C353,16NTRFNONREF//2515449172581143
:86:166?00SEPA-CREDIT TRANSFER?109075/611?20EREF+NOTPROVIDED?21SVWZ+B
UCHUNG 1419770?30SABADE5S?31DE54591900001327886017?32RUPRECHT UND
 URSULA TOUSSAI?33NT
:61:2506030603C354,80NTRFNONREF//RTE2EE35QTPmUL
:86:168?00SEPA INSTANT PAYMENT?109075/613?20EREF+NOTPROVIDED?21SVWZ+6
816115?30NOLADE21NIB?31DE34256501060036520435?32CHRISTOPH VOGELSA
NG
:61:2506030603C355,34NTRFNONREF//2515449156409685
:86:166?00SEPA-CREDIT TRANSFER?109075/611?20EREF+NOTPROVIDED?21SVWZ+B
UCHUNGSNUMMER 5270356?30HELADEF1FDS?31DE71530501800007425444?32MI
RKO GARTNER
:61:2506030603C355,53NTRFNONREF//2515449169624006
:86:166?00SEPA-CREDIT TRANSFER?109075/611?20EREF+NOTPROVIDED?21SVWZ+B
UCHUNGS-NR. 2510525?30KARSDE66?31DE48660501010203014485?32BISCHOF
F, NADJA
:62M:C250603EUR35410,79
-}{1:F01DEUTDEFFXP9Y0000000000}{2:O9402110250603DEUTDEFFCXXX00000000002506032110N}{3:{108:                }}{4:
:20:410193537800
:25:37070060/19353780000
:28C:00106/022
:60M:C250603EUR35410,79
:61:2506030603C368,00NTRFNONREF//2515449153602207
:86:166?00SEPA-CREDIT TRANSFER?109075/611?20EREF+NOTPROVIDED?21SVWZ+9
108161 KOCH KERSTIN?30PBNKDEFFXXX?31DE62100100100931352114?32KERS
TIN KOCH
:61:2506030603C372,36NTRFNONREF//2515449157036953
:86:166?00SEPA-CREDIT TRANSFER?109075/611?20EREF+NOTPROVIDED?21SVWZ+9
753434?30BYLADEM1001?31DE84120300001004738686?32TOBIAS WAGNER
:61:2506030603C372,38NTRFNONREF//2515449167388715
:86:166?00SEPA-CREDIT TRANSFER?109075/611?20EREF+NOTPROVIDED?21SVWZ+9
556535?30WELADED1GTL?31DE52478500650016623929?32JANINA WITTENSTEI
N
:61:2506030603C378,68NTRFNONREF//2515449156141928
:86:166?00SEPA-CREDIT TRANSFER?109075/611?20EREF+NOTPROVIDED?21SVWZ+B
UCHUNGS-NUMMER 324292?225?30GENODEF1HTE?31DE25221631140000024074?
32NADINE PASKE
:61:2506030603C396,00NTRFNONREF//2515449167039366
:86:166?00SEPA-CREDIT TRANSFER?109075/611?20EREF+NOTPROVIDED?21SVWZ+2
662042?30WELADED1EUS?31DE41382501100001685429?32JEFFREY HOHL
:61:2506030603C396,38NTRFNONREF//2515449169516107
:86:166?00SEPA-CREDIT TRANSFER?109075/611?20EREF+NOTPROVIDED?21SVWZ+B
UCHUNGSNUMMER 4458988?30GENODED1BNA?31DE38577615910444444200?32SA
BINE KOSSMANN
:61:2506030603C399,48NTRFNONREF//2515449167505997
:86:166?00SEPA-CREDIT TRANSFER?109075/611?20EREF+NOTPROVIDED?21SVWZ+1
59665?30INGDDEFFXXX?31DE17500105175418338603?32JULIA VOIGTLAENDER
:61:2506030603C400,00NTRFNONREF//2515449169689991
:86:166?00SEPA-CREDIT TRANSFER?109075/611?20EREF+NOTPROVIDED?21SVWZ+3
102325?30BRLADE21ANO?31DE39283500000000119933?32LEINERSTIFT E.V.
:62M:C250603EUR38494,07
-}{1:F01DEUTDEFFXP9Y0000000000}{2:O9402110250603DEUTDEFFCXXX00000000002506032110N}{3:{108:                }}{4:
:20:410193537800
:25:37070060/19353780000
:28C:00106/023
:60M:C250603EUR38494,07
:61:2506030603C410,00NTRFNONREF//RTE2EFBXuViTwh
:86:168?00SEPA INSTANT PAYMENT?109075/613?20EREF+NOTPROVIDED?21SVWZ+B
UCHUNG 7128263, SONJA?22 MULLER, ST. BLASIEN, FUR B?23ISPINGERHEI
DE.?30PBNKDEFFXXX?31DE71100100100486763122?32SONJA MULLER
:61:2506030603C410,26NTRFNONREF//2515449156343357
:86:166?00SEPA-CREDIT TRANSFER?109075/611?20EREF+NOTPROVIDED?21SVWZ+B
UCHUNGS-NR. 8318229?30COBADEHD055?31DE68200411550632164000?32BIAN
CA BUDSCHINSKI
:61:2506030603C411,75NTRFNONREF//2515449156388258
:86:166?00SEPA-CREDIT TRANSFER?109075/611?20EREF+NOTPROVIDED?21SVWZ+B
UCHUNGSNUMMER 3242245?30HELADEF1LIM?31DE84511500180102221918?32HO
UDA JUTTA HORR
:61:2506030603C412,44NTRFNONREF//2515449157147134
:86:166?00SEPA-CREDIT TRANSFER?109075/611?20EREF+NOTPROVIDED?21SVWZ+4
170022?30HELADEF1FRI?31DE29518500791027831822?32ANTON GAAN XENIA 
GAAN
:61:2506030603C419,61NTRFNONREF//2515449171325683
:86:166?00SEPA-CREDIT TRANSFER?109075/611?20EREF+NOTPROVIDED?21SVWZ+B
UCHUNG 6354750?30GENODEF1SUL?31DE94256916331103615040?32FLORIAN D
IERKS
:61:2506030603C423,69NTRFNONREF//2515449167480553
:86:166?00SEPA-CREDIT TRANSFER?109075/611?20EREF+NOTPROVIDED?21SVWZ+8
840821?30WELADED1OPR?31DE91160502021820562910?32BUROW, ANDREAS
:61:2506030603C425,31NTRFNONREF//RTE2EEMilXUnJx
:86:168?00SEPA INSTANT PAYMENT?109075/613?20EREF+NOTPROVIDED?21SVWZ+B
UCHUNG 5767988?30MALADE51WOR?31DE60553500100021852472?32IRINA TIE
FENBACH
:61:2506030603C450,00NTRFNONREF//2515449167463471
:86:166?00SEPA-CREDIT TRANSFER?109075/611?20EREF+NOTPROVIDED?21SVWZ+9
527175?30HELADEF1WET?31DE49515500350024319477?32DENNIS HINKEL NAD
INE HINKEL
:62M:C250603EUR41857,13
-}{1:F01DEUTDEFFXP9Y0000000000}{2:O9402110250603DEUTDEFFCXXX00000000002506032110N}{3:{108:                }}{4:
:20:410193537800
:25:37070060/19353780000
:28C:00106/024
:60M:C250603EUR41857,13
:61:2506030603C450,00NTRFNONREF//2515449167004609
:86:166?00SEPA-CREDIT TRANSFER?109075/611?20EREF+NOTPROVIDED?21SVWZ+B
UCHUNGSNUMMER 197541?22ABWA+DAVID BRAUN, NADINE BR?23AUN?30BYLADE
M1ANS?31DE69765500000000442053?32DAVID BRAUN NADINE BRAUN
:61:2506030603C451,84NTRFNONREF//2515449166870157
:86:166?00SEPA-CREDIT TRANSFER?109075/611?20EREF+MOB.154.UE.POS000370
44?21SVWZ+2168875?30COBADEFFXXX?31DE02440400370143881100?32GERD R
EHOR
:61:2506030603C458,11NTRFNONREF//2515449161413329
:86:166?00SEPA-CREDIT TRANSFER?109075/611?20EREF+NOTPROVIDED?21SVWZ+4
633135?30CMCIDEDDXXX?31DE72300209003280270574?32 RENATA FEGE
:61:2506030603C467,57NTRFNONREF//2515449157740386
:86:166?00SEPA-CREDIT TRANSFER?109075/611?20EREF+NOTPROVIDED?21SVWZ+3
076813?30CCPLLULLXXX?31LU911111194719400000?32FERRY NATASCHA
:61:2506030603C470,44NTRFNONREF//2515449156318420
:86:166?00SEPA-CREDIT TRANSFER?109075/611?20EREF+NOTPROVIDED?21SVWZ+5
004903?30BYLADEM1001?31DE13120300001056373937?32DANIEL FINSTER UN
D SABINE F?33INSTER
:61:2506030603C472,96NTRFNONREF//2515449161960980
:86:166?00SEPA-CREDIT TRANSFER?109075/611?20EREF+NOTPROVIDED?21SVWZ+6
851071?30CMCIDEDDXXX?31DE15300209002110791197?32 MICHAEL EISENHUT
H
:61:2506030603C486,10NTRFNONREF//2515449169417125
:86:166?00SEPA-CREDIT TRANSFER?109075/611?20EREF+NOTPROVIDED?21SVWZ+H
ANS-JOACHIM KOLVENBAC?22H 16.-18.08.25 SANDUR?30GENODED1RST?31DE0
6370695205004904011?32REBECCA KOLVENBACH
:61:2506030603C488,54NTRFNONREF//2515449169350261
:86:166?00SEPA-CREDIT TRANSFER?109075/611?20EREF+NOTPROVIDED?21SVWZ+7
669988?30SDUEDE33XXX?31DE95395501101200033221?32TIM STRASFELD
:62M:C250603EUR45602,69
-}{1:F01DEUTDEFFXP9Y0000000000}{2:O9402110250603DEUTDEFFCXXX00000000002506032110N}{3:{108:                }}{4:
:20:410193537800
:25:37070060/19353780000
:28C:00106/025
:60M:C250603EUR45602,69
:61:2506030603C492,44NTRFNONREF//2515449156257808
:86:166?00SEPA-CREDIT TRANSFER?109075/611?20EREF+50931530013001791678
66?211?22SVWZ+INGO LOHMUELLER BU.NR.?23 8822484  PARK ALLGAEU HS.
5?246 11.-18.526?30GENODED1RLW?31DE70356605997702348018?32DIPL.-P
AD. BEATE LOHMULLER
:61:2506030603C493,60NTRFNONREF//2515449171272446
:86:166?00SEPA-CREDIT TRANSFER?109075/611?20EREF+50781545843601791703
39?213?22SVWZ+B NR.3800539?30GENODE61AZY?31DE90550912000071161501
?32RAINER UND SILVIA SCHUHMACH?33ER
:61:2506030603C500,00NTRFNONREF//2515449171359383
:86:166?00SEPA-CREDIT TRANSFER?109075/611?20EREF+NOTPROVIDED?21SVWZ+3
196232?30BELADEBEXXX?31DE10100500006012672720?32NANCY KOPPE
:61:2506030603C502,81NTRFNONREF//2515449169445790
:86:166?00SEPA-CREDIT TRANSFER?109075/611?20EREF+NOTPROVIDED?21SVWZ+7
099872?22ABWA+ANTON EMZEV, OD. ELVIR?23A SCHATZ?30SOLADES1FDS?31D
E97642510600013590442?32ANTON EMZEV OD. ELVIRA SCHA?33TZ
:61:2506030603C503,58NTRFNONREF//2515449167180710
:86:166?00SEPA-CREDIT TRANSFER?109075/611?20EREF+NOTPROVIDED?21SVWZ+B
UCHUNGSNUMMER 1132997?30GENODE61MA3?31DE54670600310033719809?32AN
NIKA MOHR
:61:2506030603C505,26NTRFNONREF//2515449167341803
:86:166?00SEPA-CREDIT TRANSFER?109075/611?20EREF+NOTPROVIDED?21SVWZ+B
UCHUNGSNUMMER 4551888?30COLSDE33XXX?31DE23370501981900215839?32TH
OMAS KORSGEN
:61:2506030603C520,32NTRFNONREF//2515449161880546
:86:166?00SEPA-CREDIT TRANSFER?109075/611?20EREF+NOTPROVIDED?21SVWZ+B
UCHUNGSNR 418017?30CMCIDEDDXXX?31DE07300209005320308814?32 ELKE F
REY
:62M:C250603EUR49120,70
-}{1:F01DEUTDEFFXP9Y0000000000}{2:O9402110250603DEUTDEFFCXXX00000000002506032110N}{3:{108:                }}{4:
:20:410193537800
:25:37070060/19353780000
:28C:00106/026
:60M:C250603EUR49120,70
:61:2506030603C525,57NTRFNONREF//2515449167509373
:86:166?00SEPA-CREDIT TRANSFER?109075/611?20EREF+NOTPROVIDED?21SVWZ+B
UCHUNGSNUMMER 9389819?30INGDDEFFXXX?31DE36500105175411399366?32MA
REN SPRENGER
:61:2506030603C528,49NTRFNONREF//2515449169406947
:86:166?00SEPA-CREDIT TRANSFER?109075/611?20EREF+NOTPROVIDED?21SVWZ+9
760235?30WELADED1SOS?31DE22414500750002553808?32JENNIFER GOETTGEN
S
:61:2506030603C531,55NTRFNONREF//RTE2EEWWR1mxPi
:86:168?00SEPA INSTANT PAYMENT?109075/613?20EREF+NOTPROVIDED?21SVWZ+B
UCHUNGSNUMMER 6133189?30FFVBDEFFXXX?31DE78501900006202047970?32SA
ID-DAWAR KANAWESI
:61:2506030603C535,24NTRFNONREF//2515449167332209
:86:166?00SEPA-CREDIT TRANSFER?109075/611?20EREF+NOTPROVIDED?21SVWZ+9
535136?30WELADEDRXXX?31DE84340500000000576629?32ROCCO VALENTI
:61:2506030603C536,98NTRFNONREF//2515449157037762
:86:166?00SEPA-CREDIT TRANSFER?109075/611?20EREF+NOTPROVIDED?21SVWZ+6
393514?30BYLADEM1001?31DE91120300001053655369?32SASCHA BROCKING
:61:2506030603C539,63NTRFNONREF//2515449153704252
:86:166?00SEPA-CREDIT TRANSFER?109075/611?20EREF+NOTPROVIDED?21SVWZ+5
218524?30DEUTDEDBLEG?31DE55860700240247261105?32ADELE WOLF
:61:2506030603C542,04NTRFNONREF//2515449161833684
:86:166?00SEPA-CREDIT TRANSFER?109075/611?20EREF+NOTPROVIDED?21SVWZ+1
743889 - SCHOENEFUSSE?22RSTE RATE?30GENODED1SPE?31DE3136060591010
0796395?32SCHOENEFUSS, ALEXANDER
:61:2506030603C545,18NTRFNONREF//RTE2EFqNL0fXKU
:86:168?00SEPA INSTANT PAYMENT?109075/613?20EREF+NOTPROVIDED?21SVWZ+B
UCHUNGSNUMMER 2691332?30SCFBDE33XXX?31DE88310108339909571526?32DE
RICHS, MARIO
:62M:C250603EUR53405,38
-}{1:F01DEUTDEFFXP9Y0000000000}{2:O9402110250603DEUTDEFFCXXX00000000002506032110N}{3:{108:                }}{4:
:20:410193537800
:25:37070060/19353780000
:28C:00106/027
:60M:C250603EUR53405,38
:61:2506030603C549,38NTRFNONREF//2515449167463743
:86:166?00SEPA-CREDIT TRANSFER?109075/611?20EREF+NOTPROVIDED?21SVWZ+B
UNR.771496.ARNO BRUCK?30HELADEF1WET?31DE05515500350098301393?32AR
NO BRUCK
:61:2506030603C554,47NTRFNONREF//2515449156356753
:86:166?00SEPA-CREDIT TRANSFER?109075/611?20EREF+NOTPROVIDED?21SVWZ+B
UCHUNGSNUMMER 760841?30HELADEF1822?31DE04500502011241802120?32THO
MAS GREWE ANDREA GREWE-H?33AGEMANN
:61:2506030603C567,02NTRFNONREF//2515449159991104
:86:166?00SEPA-CREDIT TRANSFER?109075/611?20EREF+NOTPROVIDED?21SVWZ+4
576152?30DEUTDEDBFRE?31DE05680700240039602805?32SELINA TRITSCHLER
:61:2506030603C577,63NTRFNONREF//2515449157411800
:86:166?00SEPA-CREDIT TRANSFER?109075/611?20EREF+NOTPROVIDED?21SVWZ+4
913640?30INGDDEFFXXX?31DE29500105175429663525?32NADINE DONAUBAUER
:61:2506030603C596,48NTRFNONREF//2515449156406539
:86:166?00SEPA-CREDIT TRANSFER?109075/611?20EREF+NOTPROVIDED?21SVWZ+5
11280?30BELADEBEXXX?31DE56100500000630118515?32BEATE LAUE
:61:2506030603C603,97NTRFNONREF//2515449163698632
:86:166?00SEPA-CREDIT TRANSFER?109075/611?20EREF+NOTPROVIDED?21SVWZ+B
UCHUNGSNUMMER 2024939?30DEUTDEDBBER?31DE90100700240354608200?32FA
BIAN GOERKE
:61:2506030603C614,00NTRFNONREF//2515449156653218
:86:166?00SEPA-CREDIT TRANSFER?109075/611?20EREF+NOTPROVIDED?21SVWZ+4
57 2717 ANNA STARACE?30COLSDE33XXX?31DE34370501981930144991?32ANN
A FUCHS
:61:2506030603C620,60NTRFNONREF//2515449161373733
:86:166?00SEPA-CREDIT TRANSFER?109075/611?20EREF+940106632BBHCDPV?21S
VWZ+BUCHUNGSNR.2412976 100?22625-120625?30SCFBDE33XXX?31DE3650033
3009100401619?32KORNER, SILKE
:62M:C250603EUR58088,93
-}{1:F01DEUTDEFFXP9Y0000000000}{2:O9402110250603DEUTDEFFCXXX00000000002506032110N}{3:{108:                }}{4:
:20:410193537800
:25:37070060/19353780000
:28C:00106/028
:60M:C250603EUR58088,93
:61:2506030603C621,44NTRFNONREF//2515449157388446
:86:166?00SEPA-CREDIT TRANSFER?109075/611?20EREF+NOTPROVIDED?21SVWZ+R
ESTZAHLUNG, BUCHUNGSN?22UMMER 536401?30INGDDEFFXXX?31DE6150010517
5418739100?32PETER SCHAAL
:61:2506030603C622,75NTRFNONREF//RTE2EF4d5WGMLw
:86:168?00SEPA INSTANT PAYMENT?109075/613?20EREF+NOTPROVIDED?21SVWZ+1
4762?30GENODED1WUR?31DE77391629800509364010?32INGE GORISSEN
:61:2506030603C623,20NTRFNONREF//2515449172529676
:86:166?00SEPA-CREDIT TRANSFER?109075/611?20EREF+NOTPROVIDED?21SVWZ+B
UCHUNGSNUMMER 6108306?30NORSDE71XXX?31DE65760260000611093600?32WI
TTIG, ALEXANDRA, WITTIG,?33MARKUS
:61:2506030603C631,36NTRFNONREF//2515449157459356
:86:166?00SEPA-CREDIT TRANSFER?109075/611?20EREF+NOTPROVIDED?21SVWZ+B
UCHUNGSNUMMER: 968961?222.?30SBREDE22XXX?31DE10290501010083157958
?32IGOR POLISHCHUK
:61:2506030603C635,60NTRFNONREF//2515449156801141
:86:166?00SEPA-CREDIT TRANSFER?109075/611?20EREF+NOTPROVIDED?21SVWZ+2
168182?30HELADEF1ESW?31DE60522500300000638890?32NORA STEINIGK
:61:2506030603C636,64NTRFNONREF//2515449156507406
:86:166?00SEPA-CREDIT TRANSFER?109075/611?20EREF+MOB.153.UE.POS005309
47?21SVWZ+BUCHUNGSNR. 8457635?30COBADEFFXXX?31DE10460400330898917
000?32MARION STEINBERG
:61:2506030603C640,77NTRFNONREF//2515449157070094
:86:166?00SEPA-CREDIT TRANSFER?109075/611?20EREF+NOTPROVIDED?21SVWZ+B
ELEGNR.: 9423028 UWE?22PRZYBYLSKI?30WELADED1HRN?31DE2543250030015
1196300?32UWE PRZYBYLSKI
:62M:C250603EUR62500,69
-}{1:F01DEUTDEFFXP9Y0000000000}{2:O9402110250603DEUTDEFFCXXX00000000002506032110N}{3:{108:                }}{4:
:20:410193537800
:25:37070060/19353780000
:28C:00106/029
:60M:C250603EUR62500,69
:61:2506030603C644,50NTRFNONREF//2515449157043802
:86:166?00SEPA-CREDIT TRANSFER?109075/611?20EREF+NOTPROVIDED?21SVWZ+B
UCHUNGSNUMMER 5192102?30GENODEM1GLS?31DE09430609671115884000?32AN
NIKA BLANK UND DOMINIK BL?33ANK
:61:2506030603C650,22NTRFNONREF//2515449156664682
:86:166?00SEPA-CREDIT TRANSFER?109075/611?20EREF+NOTPROVIDED?21SVWZ+3
774238?22ABWA+THOMAS MULLER, DR. KAT?23HRIN MULLER?30MERZDE55XXX?
31DE47593510400605298892?32THOMAS MULLER DR. KATHRIN M?33ULLER
:61:2506030603C659,79NTRFNONREF//2515449171326356
:86:166?00SEPA-CREDIT TRANSFER?109075/611?20EREF+NOTPROVIDED?21SVWZ+6
312610?30FFVBDEFF?31DE97501900000000051152?32JOSEF MOLKE
:61:2506030603C663,25NTRFNONREF//2515449161902558
:86:166?00SEPA-CREDIT TRANSFER?109075/611?20EREF+NOTPROVIDED?21SVWZ+9
854283?30CMCIDEDDXXX?31DE38300209005370450660?32 THOMAS FRANK
:61:2506030603C667,58NTRFNONREF//2515449172602660
:86:166?00SEPA-CREDIT TRANSFER?109075/611?20EREF+NOTPROVIDED?21SVWZ+G
AWENDA GABI 6250273?30SLZODE22XXX?31DE14280501000055197941?32GAWE
NDA, GABI
:61:2506030603C675,58NTRFNONREF//2515449167382330
:86:166?00SEPA-CREDIT TRANSFER?109075/611?20EREF+NOTPROVIDED?21SVWZ+B
UCHUNGSNUMMER 84458?30NOLADE21GRW?31DE15150505001135051417?32NORA
 GEBHARDT
:61:2506030603C675,64NTRFNONREF//2515449156156151
:86:166?00SEPA-CREDIT TRANSFER?109075/611?20EREF+NOTPROVIDED?21SVWZ+B
UCHUNGSNUMMER 1904940?30BYLADEM1001?31DE26120300001019804994?32CH
RISTIAN SUHL
:62M:C250603EUR67137,25
-}{1:F01DEUTDEFFXP9Y0000000000}{2:O9402110250603DEUTDEFFCXXX00000000002506032110N}{3:{108:                }}{4:
:20:410193537800
:25:37070060/19353780000
:28C:00106/030
:60M:C250603EUR67137,25
:61:2506030603C681,92NTRFNONREF//2515449156805746
:86:166?00SEPA-CREDIT TRANSFER?109075/611?20EREF+NOTPROVIDED?21SVWZ+B
UCHUNGSNUMMER 9808072?22ABWA+HANS REINER HOFFMANN U?23ND AL?30WEL
ADEDNXXX?31DE64305500000004852190?32HANS REINER HOFFMANN UND AL?3
3EXANDRA HOFFMANN
:61:2506030603C688,16NTRFNONREF//2515449167032786
:86:166?00SEPA-CREDIT TRANSFER?109075/611?20EREF+NOTPROVIDED?21SVWZ+9
947332 - DANIELA WOLF?22 - HET MEERDAL?30SPKRDE33XXX?31DE20320500
000067467068?32DETLEF UND DANIELA WOLF
:61:2506030603C692,61NTRFNONREF//2515449167995370
:86:166?00SEPA-CREDIT TRANSFER?109075/611?20EREF+NOTPROVIDED?21SVWZ+8
221278?30PBNKDEFFXXX?31DE40370100500716554501?32ALI TIMUR TANER J
ULIA TANER
:61:2506030603C700,00NTRFNONREF//2515449167358964
:86:166?00SEPA-CREDIT TRANSFER?109075/611?20EREF+NOTPROVIDED?21SVWZ+3
377215?22ABWA+SCHMITZ, CHRISTIAN, JA?23SMIN SCHMITZ?30WELADED1WES
?31DE83356500000000877985?32SCHMITZ, CHRISTIAN, JASMIN?33SCHMITZ
:61:2506030603C701,18NTRFNONREF//2515449168210902
:86:166?00SEPA-CREDIT TRANSFER?109075/611?20EREF+NOTPROVIDED?21SVWZ+2
784260?30PBNKDEFFXXX?31DE25660100750472350756?32SILKE KLARIG
:61:2506030603C705,06NTRFNONREF//2515449156509876
:86:166?00SEPA-CREDIT TRANSFER?109075/611?20EREF+MOB.153.UE.POS005128
52?21SVWZ+7184638 ANJA HAGELSTEI?22N WF?30COBADEFFXXX?31DE5527040
0800652210600?32BENGT-OLAF HAGELSTEIN ANJA?33HAGELSTEIN
:61:2506030603C708,16NTRFNONREF//2515449156979710
:86:166?00SEPA-CREDIT TRANSFER?109075/611?20EREF+NOTPROVIDED?21SVWZ+9
996436?30SPBIDE3BXXX?31DE48480501610060586203?32SHATHA GAVAN
:62M:C250603EUR72014,34
-}{1:F01DEUTDEFFXP9Y0000000000}{2:O9402110250603DEUTDEFFCXXX00000000002506032110N}{3:{108:                }}{4:
:20:410193537800
:25:37070060/19353780000
:28C:00106/031
:60M:C250603EUR72014,34
:61:2506030603C712,21NTRFNONREF//2515449169602994
:86:166?00SEPA-CREDIT TRANSFER?109075/611?20EREF+15405119014?21SVWZ+B
UCH NR 9627208  PORT?22ZELANDE?30GENODED1BNA?31DE1357761591020371
4900?32ILSE WEBER
:61:2506030603C712,96NTRFNONREF//2515449171336652
:86:166?00SEPA-CREDIT TRANSFER?109075/611?20EREF+NOTPROVIDED?21SVWZ+B
.NR.6611987 SUSANNE K?22ELLER?30GENODEF1MAR?31DE84283615920200412
701?32BERND KELLER
:61:2506030603C713,00NTRFNONREF//2515449169468201
:86:166?00SEPA-CREDIT TRANSFER?109075/611?20EREF+NOTPROVIDED?21SVWZ+B
UCHUNGSNUMMER 2047126?30OLBODEH2XXX?31DE83280200508535330800?32FL
ORIAN UND MICHAELA PETER
:61:2506030603C714,54NTRFNONREF//2515449156565527
:86:166?00SEPA-CREDIT TRANSFER?109075/611?20EREF+NOTPROVIDED?21SVWZ+B
UCHUNGSNUMMER 7802189?30MALADE51SWP?31DE79542500100101090082?32HE
BER, SALVATORE
:61:2506030603C715,24NTRFNONREF//2515449171258698
:86:166?00SEPA-CREDIT TRANSFER?109075/611?20EREF+NOTPROVIDED?21SVWZ+4
844527  EILERT MARKUS?30GENODEM1GBU?31DE48422600010223828200?32MA
RKUS EILERT
:61:2506030603C727,36NTRFNONREF//2515449169399735
:86:166?00SEPA-CREDIT TRANSFER?109075/611?20EREF+NOTPROVIDED?21SVWZ+B
UCHUNGSNR. 1088421 PO?22RSCH?30MALADE51NWD?31DE935745012001122026
92?32KERSTIN PORSCH
:61:2506030603C745,12NTRFNONREF//2515449167174233
:86:166?00SEPA-CREDIT TRANSFER?109075/611?20EREF+NOTPROVIDED?21SVWZ+B
UCHUNGSNUMMER 1053767?30NOLADE21BEB?31DE66265515400121715874?32LI
ANE MORCHNER
:62M:C250603EUR77054,77
-}{1:F01DEUTDEFFXP9Y0000000000}{2:O9402110250603DEUTDEFFCXXX00000000002506032110N}{3:{108:                }}{4:
:20:410193537800
:25:37070060/19353780000
:28C:00106/032
:60M:C250603EUR77054,77
:61:2506030603C750,00NTRFNONREF//2515449161760347
:86:166?00SEPA-CREDIT TRANSFER?109075/611?20EREF+NOTPROVIDED?21SVWZ+B
UCHUNG 9724945 FRIEDR?22ICH, TEILBETRAG?30INGDDEFFXXX?31DE7550010
5175412541324?32SANDRA FRIEDRICH
:61:2506030603C760,67NTRFNONREF//2515449167462701
:86:166?00SEPA-CREDIT TRANSFER?109075/611?20EREF+NOTPROVIDED?21SVWZ+B
UCHUNG 9708849?30HELADEF1DIL?31DE11516500450110201001?32JENS LEWA
NDOWSKI
:61:2506030603C774,60NTRFNONREF//2515449167358911
:86:166?00SEPA-CREDIT TRANSFER?109075/611?20EREF+NOTPROVIDED?21SVWZ+T
RAPPMANN 6299421?30WELADED1WES?31DE05356500000670055714?32JAQUELI
NE MICHELLE TRAPPMAN?33N
:61:2506030603C778,55NTRFNONREF//2515449156489173
:86:166?00SEPA-CREDIT TRANSFER?109075/611?20EREF+CCB.153.UE.POS005351
89?21SVWZ+BUCHUNGSNUMMER 5270191?30COBADEFFXXX?31DE18290400900682
104500?32MAIKE BRAND TIM BRAND
:61:2506030603C782,40NTRFNONREF//2515449161752954
:86:166?00SEPA-CREDIT TRANSFER?109075/611?20EREF+NOTPROVIDED?21SVWZ+5
156542?30INGDDEFFXXX?31DE09500105175444814121?32TOBIAS METZ
:61:2506030603C788,84NTRFNONREF//2515449161295022
:86:166?00SEPA-CREDIT TRANSFER?109075/611?20EREF+MOB.154.UE.POS000184
25?21SVWZ+BUCHUNGSNR. 7589383 TO?22SSENS URLAUB VOM 11.07-18.0?23
7.25?30COBADEFFXXX?31DE36290400900154811400?32MICHAEL WOLFGANG WI
NFRIED S?33CHMITZ
:61:2506030603C793,72NTRFNONREF//2515449161288673
:86:166?00SEPA-CREDIT TRANSFER?109075/611?20EREF+NOTPROVIDED?21SVWZ+B
UCHUNGSNUMMER '914242?229'?30COBADEHD044?31DE37200411440700802200
?32ANDREAS ALFF
:62M:C250603EUR82483,55
-}{1:F01DEUTDEFFXP9Y0000000000}{2:O9402110250603DEUTDEFFCXXX00000000002506032110N}{3:{108:                }}{4:
:20:410193537800
:25:37070060/19353780000
:28C:00106/033
:60M:C250603EUR82483,55
:61:2506030603C799,27NTRFNONREF//2515449156322384
:86:166?00SEPA-CREDIT TRANSFER?109075/611?20EREF+NOTPROVIDED?21SVWZ+B
UCHUNGSNUMMER 4647847?30HELADEF1822?31DE51500502011244145376?32GU
NAR SCHACHT
:61:2506030603C831,44NTRFNONREF//2515449171335323
:86:166?00SEPA-CREDIT TRANSFER?109075/611?20EREF+NOTPROVIDED?21SVWZ+R
ESTBETRAG BUCH.-NR. 3?22071103?30GENODEF1FWA?31DE4918062678000080
2093?32FRANK SCHLINGER
:61:2506030603C844,16NTRFNONREF//2515449156131323
:86:166?00SEPA-CREDIT TRANSFER?109075/611?20EREF+NOTPROVIDED?21SVWZ+B
UCHUNGSNR. 3321212?30GENODED1KAI?31DE96570691440001012100?32RITA 
HECK
:61:2506030603C845,64NTRFNONREF//2515449156906991
:86:166?00SEPA-CREDIT TRANSFER?109075/611?20EREF+NOTPROVIDED?21SVWZ+B
UCHUNGSNUMMER 4407849?30GENODEF1VEC?31DE41280641790124951700?32UT
E ELLMANN
:61:2506030603C858,91NTRFNONREF//2515449171325396
:86:166?00SEPA-CREDIT TRANSFER?109075/611?20EREF+NOTPROVIDED?21SVWZ+7
918514?30GENODEF1GUE?31DE12140613080002707608?32CHRISTIAN REICHE
:61:2506030603C869,96NTRFNONREF//2515449167403810
:86:166?00SEPA-CREDIT TRANSFER?109075/611?20EREF+NOTPROVIDED?21SVWZ+B
UCHUNGSNUMMER 8332199?22 OSTENDARP?23ABWA+SIMON OSTENDARP, MILVA?
24 OSTENDARP?30BRLADE21ROB?31DE94241512350075239392?32SIMON OSTEN
DARP MILVA OSTEN?33DARP
:61:2506030603C876,24NTRFNONREF//2515449156471531
:86:166?00SEPA-CREDIT TRANSFER?109075/611?20EREF+NOTPROVIDED?21SVWZ+B
UCHUNGSNR. 4398989?30GENODE61BBB?31DE10660908000001472615?32DOMIN
IK UND SANDRA WAGNER
:62M:C250603EUR88409,17
-}{1:F01DEUTDEFFXP9Y0000000000}{2:O9402110250603DEUTDEFFCXXX00000000002506032110N}{3:{108:                }}{4:
:20:410193537800
:25:37070060/19353780000
:28C:00106/034
:60M:C250603EUR88409,17
:61:2506030603C876,98NTRFNONREF//2515449156601019
:86:166?00SEPA-CREDIT TRANSFER?109075/611?20EREF+NOTPROVIDED?21SVWZ+4
934699?30BYLADEM1DLG?31DE34722515200240466284?32BARBARA MISNER-HO
LZMANN
:61:2506030603C878,35NTRFNONREF//2515449171365205
:86:166?00SEPA-CREDIT TRANSFER?109075/611?20EREF+NOTPROVIDED?21SVWZ+B
UCHUNGSNUMMER 3188642?22ABWA+JESCHKE, ANDREAS, UND?23MARTINA JESC
HKE?30HELADEF1WEM?31DE11820510001430001484?32JESCHKE, ANDREAS, UN
D MARTI?33NA JESCHKE
:61:2506030603C894,45NTRFNONREF//2515449156843563
:86:166?00SEPA-CREDIT TRANSFER?109075/611?20EREF+NOTPROVIDED?21SVWZ+4
391965?30HELADEF1ILK?31DE42840510101832117401?32WENDLER, ANETT
:61:2506030603C902,61NTRFNONREF//2515449171298037
:86:166?00SEPA-CREDIT TRANSFER?109075/611?20EREF+NOTPROVIDED?21SVWZ+B
UCHUNGSNUMMER 375826?22TEIPEL?30GENODEM1SMA?31DE21460628172711192
300?32DORIS TEIPEL
:61:2506030603C904,38NTRFNONREF//2515449156565610
:86:166?00SEPA-CREDIT TRANSFER?109075/611?20EREF+NOTPROVIDED?21SVWZ+B
UCHUNGSNUMMER 5166494?30GENODEF1SPB?31DE45520633690002014491?32CH
RISTINA + MICHAEL DILLMAN?33N
:61:2506030603C914,33NTRFNONREF//2515449172562281
:86:166?00SEPA-CREDIT TRANSFER?109075/611?20EREF+NOTPROVIDED?21SVWZ+1
689527?30GENODEF1DKV?31DE72765910000005730309?32MANUEL HOFACKER
:61:2506030603C925,38NTRFNONREF//2515449157146907
:86:166?00SEPA-CREDIT TRANSFER?109075/611?20EREF+NOTPROVIDED?21SVWZ+B
UCHUNGSNUMMER 4391030?30HELADEF1FRI?31DE82518500791028508316?32CH
RISTIAN KRANL
:62M:C250603EUR94705,65
-}{1:F01DEUTDEFFXP9Y0000000000}{2:O9402110250603DEUTDEFFCXXX00000000002506032110N}{3:{108:                }}{4:
:20:410193537800
:25:37070060/19353780000
:28C:00106/035
:60M:C250603EUR94705,65
:61:2506030603C936,88NTRFNONREF//2515449156263314
:86:166?00SEPA-CREDIT TRANSFER?109075/611?20EREF+NOTPROVIDED?21SVWZ+B
UCHUNGSNUMMER 8907018?30BYLADEM1001?31DE94120300001012581441?32KA
THARINA SCHNEIDER
:61:2506030603C943,04NTRFNONREF//2515449167023120
:86:166?00SEPA-CREDIT TRANSFER?109075/611?20EREF+NOTPROVIDED?21SVWZ+B
UCHUNG NR:5663576 - L?22ENTER PARK SANDUR?30COKSDE33XXX?31DE84370
502990106002538?32CHRISTOPH UND URSULA JANIA
:61:2506030603C943,86NTRFNONREF//2515449169704290
:86:166?00SEPA-CREDIT TRANSFER?109075/611?20EREF+15300029008?21SVWZ+9
619133?22ABWA+STROEMER CHRISTIAN UND?23 FRAU JENIFER STROEMER- O?
30NOLADE21WBL?31DE83805501011401219230?32CHRISTIAN STROMER UND FR
AU?33JENIFER STROMER-BLAS
:61:2506030603C944,90NTRFNONREF//2515449156807190
:86:166?00SEPA-CREDIT TRANSFER?109075/611?20EREF+NOTPROVIDED?21SVWZ+6
179223?30GENODEF1MAR?31DE45283615920000719600?32VERA WESTERHOLT
:61:2506030603C945,08NTRFNONREF//RTE2EET8CmEHQ9
:86:168?00SEPA INSTANT PAYMENT?109075/613?20EREF+NOTPROVIDED?21SVWZ+B
OEKINGSNUMMER: 921731?224 DE KEMPERVENNEN?30RABONL2U?31NL87RABO01
42566470?32L.V. DE JONG
:61:2506030603C952,26NTRFNONREF//2515449171343225
:86:166?00SEPA-CREDIT TRANSFER?109075/611?20EREF+NOTPROVIDED?21SVWZ+2
097088?30GENODEF1WOB?31DE69269910660286621000?32JANA BAUER
:61:2506030603C958,47NTRFNONREF//2515449172777420
:86:166?00SEPA-CREDIT TRANSFER?109075/611?20EREF+NOTPROVIDED?21SVWZ+1
062806?30INGDDEFFXXX?31DE17500105175413320793?32MARIO BRUNK
:62M:C250603EUR101330,14
-}{1:F01DEUTDEFFXP9Y0000000000}{2:O9402110250603DEUTDEFFCXXX00000000002506032110N}{3:{108:                }}{4:
:20:410193537800
:25:37070060/19353780000
:28C:00106/036
:60M:C250603EUR101330,14
:61:2506030603C960,04NTRFNONREF//2515449151851185
:86:166?00SEPA-CREDIT TRANSFER?109075/611?20EREF+AMEXSCT9506818046251
52?2105020014861C0?22SVWZ+AMERICAN EXPRESS/VU950?236818046/DT2025
0520/TR1/BR98?241.06/DI-17.66/MWST-3.36?30DEUTDEFFXXX?31DE3650070
0100095642501?32AMERICAN EXPRESS PAYMENTS E?33UROPE, S.L.(GERMANY
 BRANCH)
:61:2506030603C969,12NTRFNONREF//2515449156187771
:86:166?00SEPA-CREDIT TRANSFER?109075/611?20EREF+NOTPROVIDED?21SVWZ+B
UCHUNGSNUMMER: 157293?224?30BYLADEM1001?31DE22120300001085723938?
32DANIELA SY UND GEROME SY
:61:2506030603C975,06NTRFNONREF//2515449167033411
:86:166?00SEPA-CREDIT TRANSFER?109075/611?20EREF+NOTPROVIDED?21SVWZ+B
UCHUNGSNUMMER 4508433?30WELADED1KSD?31DE30301502001004113708?32NO
RBERT UND MONIKA BIENIEK
:61:2506030603C983,16NTRFNONREF//2515449167220348
:86:166?00SEPA-CREDIT TRANSFER?109075/611?20EREF+NOTPROVIDED?21SVWZ+B
UCHUNGSNUMMER 3278501?30SPKHDE2HXXX?31DE94250501801913194205?32JO
NAS SCHMIDT
:61:2506030603C1000,00NTRFNONREF//2515449171388094
:86:166?00SEPA-CREDIT TRANSFER?109075/611?20EREF+NOTPROVIDED?21SVWZ+B
UCHUNGSNUMMER: 360730?222?30WELADED1EUS?31DE62382501100007526973?
32KEVIN UND TANYA POHL
:61:2506030603C1000,00NTRFNONREF//2515449172562990
:86:166?00SEPA-CREDIT TRANSFER?109075/611?20EREF+15403017012?21SVWZ+B
 NR: 22231?30GENODEF1HAL?31DE75800937840000704628?32PETRA GONSCHO
REK
:61:2506030603C1000,00NTRFNONREF//2515449172622072
:86:166?00SEPA-CREDIT TRANSFER?109075/611?20EREF+15401002013?21SVWZ+B
UCH-NR- 6679130?22ABWA+DERNEDDE, MANFRED OSTE?23RODE AM HARZ?30NO
LADE21HZB?31DE49263510150106143910?32MANFRED DERNEDDE UND FRAU B?
33RIGITTE
:62M:C250603EUR108217,52
-}{1:F01DEUTDEFFXP9Y0000000000}{2:O9402110250603DEUTDEFFCXXX00000000002506032110N}{3:{108:                }}{4:
:20:410193537800
:25:37070060/19353780000
:28C:00106/037
:60M:C250603EUR108217,52
:61:2506030603C1000,00NTRFNONREF//2515449169635375
:86:166?00SEPA-CREDIT TRANSFER?109075/611?20EREF+NOTPROVIDED?21SVWZ+B
UCHUNGSNUMMER 4906336?22ABWA+MOLLER, BENJAMIN, KERS?23TIN MOLLER?
30MALADE51KUS?31DE57540515500150055010?32MOELLER, BENJAMIN, KERST
IN?33MOELLER
:61:2506030603C1001,09NTRFNONREF//2515449167238316
:86:166?00SEPA-CREDIT TRANSFER?109075/611?20EREF+NOTPROVIDED?21SVWZ+B
UCHUNGSNUMMER546571 V?22. 15.2.2025?23ABWA+SEEBODE, ERHARD, UND F
?24RAU BARBEL?30NOLADE21NIB?31DE60256501060000680892?32SEEBODE, E
RHARD, UND FRAU B?33ARBEL
:61:2506030603C1001,31NTRFNONREF//2515449156729157
:86:166?00SEPA-CREDIT TRANSFER?109075/611?20EREF+NOTPROVIDED?21SVWZ+R
ESERVIERUNG 4496058 -?22BISPINGER HEIDE-?30NOLADE2HXXX?31DE262505
00000025341652?32KLAUS KLINKE
:61:2506030603C1004,28NTRFNONREF//2515449169709548
:86:166?00SEPA-CREDIT TRANSFER?109075/611?20EREF+NOTPROVIDED?21SVWZ+B
UCHUNGSNR.: 1442166 S?22ILKE HOFFMANN?30NOLADE21EIL?31DE398005500
81601110010?32SANDY HOFFMANN
:61:2506030603C1019,76NTRFNONREF//2515449171391821
:86:166?00SEPA-CREDIT TRANSFER?109075/611?20EREF+NOTPROVIDED?21SVWZ+B
UCHUNGSNUMMER 5121449?22 - PORT ZELANDE - MARZ 23 -?23 27 MARZ 20
26 - FERIENHAUS?24PREMIUM NR : 276?30WELADEDNXXX?31DE493055000010
05082704?32WILHELM SCHMITZ UND GERDA S?33CHMITZ
:61:2506030603C1027,68NTRFNONREF//2515449161850678
:86:166?00SEPA-CREDIT TRANSFER?109075/611?20EREF+NOTPROVIDED?21SVWZ+B
UCHUNGSNUMMER 8163781?30CMCIDEDDXXX?31DE29300209003001600436?32HA
NS DIETER BRANNHOFF ODER?33ANTJE BRANNHOFF
:62M:C250603EUR114271,64
-}{1:F01DEUTDEFFXP9Y0000000000}{2:O9402110250603DEUTDEFFCXXX00000000002506032110N}{3:{108:                }}{4:
:20:410193537800
:25:37070060/19353780000
:28C:00106/038
:60M:C250603EUR114271,64
:61:2506030603C1031,95NTRFNONREF//2515449156226940
:86:166?00SEPA-CREDIT TRANSFER?109075/611?20EREF+NOTPROVIDED?21SVWZ+B
UCHUNGSNUMMER 7884917?30COBADEHD001?31DE06200411330322367400?32KR
ISTIAN SCHIPP
:61:2506030603C1034,74NTRFNONREF//2515449156617888
:86:166?00SEPA-CREDIT TRANSFER?109075/611?20EREF+485016616263511?21SV
WZ+STEFAN BEUBLER BUCHUNG?22SNUMMER 7816522 ZWEITE RATE?30BYLADEM
1001?31DE06120300001036134722?32STEFAN BEUBLER
:61:2506030603C1035,78NTRFNONREF//2515449171317677
:86:166?00SEPA-CREDIT TRANSFER?109075/611?20EREF+NOTPROVIDED?21SVWZ+B
UCHUNGSNUMMER 8322705?30GENODEF1MLV?31DE04790691650100409979?32NA
DINE KRIEG
:61:2506030603C1046,82NTRFNONREF//2515449169690042
:86:166?00SEPA-CREDIT TRANSFER?109075/611?20EREF+NOTPROVIDED?21SVWZ+B
UCHUNGSNR. 6958423?30BRLADE21ANO?31DE02283500000150015378?32LOREN
ZO FOCKEN JULIA FOCKEN
:61:2506030603C1050,76NTRFNONREF//2515449167801147
:86:166?00SEPA-CREDIT TRANSFER?109075/611?20EREF+NOTPROVIDED?21SVWZ+B
UCH-NR. 5857660  HEYR?22UHN-HARTMANN?30HASPDEHHXXX?31DE2820050550
1331485548?32CHRISTEL MEYRUHN-HARTMANN
:61:2506030603C1050,88NTRFNONREF//2515449161794777
:86:166?00SEPA-CREDIT TRANSFER?109075/611?20EREF+NOTPROVIDED?21SVWZ+7
93664?30CMCIDEDDXXX?31DE05300209005300668193?32 KARL WILFRIED PRE
USS
:61:2506030603C1052,76NTRFNONREF//2515449161432769
:86:166?00SEPA-CREDIT TRANSFER?109075/611?20EREF+NOTPROVIDED?21SVWZ+B
UCHUNGSNUMMER   89080?2252?30CMCIDEDDXXX?31DE86300209003631998724
?32UWE HORST KLUENDER ODER ANJ?33A KLUENDER
:62M:C250603EUR121575,33
-}{1:F01DEUTDEFFXP9Y0000000000}{2:O9402110250603DEUTDEFFCXXX00000000002506032110N}{3:{108:                }}{4:
:20:410193537800
:25:37070060/19353780000
:28C:00106/039
:60M:C250603EUR121575,33
:61:2506030603C1053,76NTRFNONREF//2515449167191879
:86:166?00SEPA-CREDIT TRANSFER?109075/611?20EREF+NOTPROVIDED?21SVWZ+B
UCHUNGS-NR. 7030195?30NOLADE21HIK?31DE98259501300113061448?32ADEL
HEID BRIESE
:61:2506030603C1059,27NTRFNONREF//2515449169476583
:86:166?00SEPA-CREDIT TRANSFER?109075/611?20EREF+NOTPROVIDED?21SVWZ+2
. ZAHLUNG ZU BUCHUNGS?22NUMMER 5823258.ANETT KARL?23ABWA+KARL, PE
TER, ANETT KAR?24L?30SOLADES1MEI?31DE41850550004033070970?32KARL,
 PETER, ANETT KARL
:61:2506030603C1074,63NTRFNONREF//2515449171413722
:86:166?00SEPA-CREDIT TRANSFER?109075/611?20EREF+CCB.154.UE.POS001901
45?21SVWZ+BUCHUNGSNUMMER : 13635?2228 / WALDMANN ALEXANDER VOL?23
LSTANDIGE ZAHLUNG?30COBADEFFXXX?31DE68793400540231774100?32ALEXAN
DER MANUEL WALDMANN
:61:2506030603C1076,48NTRFNONREF//2515449161256506
:86:166?00SEPA-CREDIT TRANSFER?109075/611?20EREF+NOTPROVIDED?21SVWZ+B
UCHUNGSNUMMER 479122?30HYVEDEMM427?31DE20734200710007057865?32ALT
 STEF. U. FIS CAR
:61:2506030603C1077,00NTRFNONREF//2515449157087119
:86:166?00SEPA-CREDIT TRANSFER?109075/611?20EREF+NOTPROVIDED?21SVWZ+5
797721 UROSEVIC?30GENODEM1IBB?31DE66403619063369994600?32RADOMIR 
UROSEVIC
:61:2506030603C1088,28NTRFNONREF//RTE2EFIbs0p0UI
:86:168?00SEPA INSTANT PAYMENT?109075/613?20EREF+MOB.154.EE.POS000950
07?21SVWZ+8804982?30COBADEFFXXX?31DE04390400130324288000?32SASCHA
 WIEFELS
:61:2506030603C1096,90NTRFNONREF//2515449169666831
:86:166?00SEPA-CREDIT TRANSFER?109075/611?20EREF+NOTPROVIDED?21SVWZ+9
1762?30WELADED1PLX?31DE05870580004720018659?32KORB, ENRICO
:62M:C250603EUR129101,65
-}{1:F01DEUTDEFFXP9Y0000000000}{2:O9402110250603DEUTDEFFCXXX00000000002506032110N}{3:{108:                }}{4:
:20:410193537800
:25:37070060/19353780000
:28C:00106/040
:60M:C250603EUR129101,65
:61:2506030603C1101,60NTRFNONREF//2515449167413136
:86:166?00SEPA-CREDIT TRANSFER?109075/611?20EREF+NOTPROVIDED?21SVWZ+B
UCHUNGSNUMMER 9544490?22ABWA+CEDRIC SCHONARD, JANIN?23E SCHONARD?
30SAKSDE55XXX?31DE29590501010610893471?32CEDRIC SCHONARD JANINE S
CHO?33NARD
:61:2506030603C1104,56NTRFNONREF//2515449167401435
:86:166?00SEPA-CREDIT TRANSFER?109075/611?20EREF+NOTPROVIDED?21SVWZ+B
UCHUNGSNUMMER: 242180?229.BEATE STOLTEN?23ABWA+STOLTEN, WOLFGANG,
 BEA?24TE STOLTEN?30BRLADE21BRS?31DE53292500000119500086?32STOLTE
N, WOLFGANG, BEATE ST?33OLTEN
:61:2506030603C1112,64NTRFNONREF//2515449161252860
:86:166?00SEPA-CREDIT TRANSFER?109075/611?20EREF+NOTPROVIDED?21SVWZ+B
UCHUNGSNUMMER 3769519?30HYVEDEMM300?31DE18200300000016062416?32KO
STER JANA, TRUMME
:61:2506030603C1117,60NTRFNONREF//2515449156446550
:86:166?00SEPA-CREDIT TRANSFER?109075/611?20EREF+NOTPROVIDED?21SVWZ+B
UCHUNGSNUMMER 4228472?22, RESTZAHLUNG?30GENODEF1P12?31DE585709090
02569028600?32KRISTINA UND PATRICK IHRLIC?33H
:61:2506030603C1119,58NTRFNONREF//2515449166956747
:86:166?00SEPA-CREDIT TRANSFER?109075/611?20EREF+NOTPROVIDED?21SVWZ+B
UCHUNG NR: 9988725?30BYLADEM1ERH?31DE03763500001060256116?32BERND
 BRAUN-PRIES
:61:2506030603C1125,50NTRFNONREF//2515449156356995
:86:166?00SEPA-CREDIT TRANSFER?109075/611?20EREF+NOTPROVIDED?21SVWZ+5
047341?30HELADEF1822?31DE24500502010394291808?32CHRISTIAN ZEHACZE
K
:61:2506030603C1126,96NTRFNONREF//2515449156802773
:86:166?00SEPA-CREDIT TRANSFER?109075/611?20EREF+72041535642501791779
34?217?22SVWZ+BUCHUNGSNR. 9612950?30GENODEF1DCA?31DE9770091500000
0413054?32JURGEN LECHNER
:62M:C250603EUR136910,09
-}{1:F01DEUTDEFFXP9Y0000000000}{2:O9402110250603DEUTDEFFCXXX00000000002506032110N}{3:{108:                }}{4:
:20:410193537800
:25:37070060/19353780000
:28C:00106/041
:60M:C250603EUR136910,09
:61:2506030603C1130,90NTRFNONREF//RTE2EF15b3HTph
:86:168?00SEPA INSTANT PAYMENT?109075/613?20EREF+NOTPROVIDED?21SVWZ+9
428319 MANUEL WILMES?30NOLADE21HIK?31DE64259501300057300834?32MAN
UEL WILMES
:61:2506030603C1142,40NTRFNONREF//RTE2EEALexmq1K
:86:168?00SEPA INSTANT PAYMENT?109075/613?20EREF+NOTPROVIDED?21SVWZ+4
905852?30HELADEF1DAS?31DE05508501500004027108?32MICHAEL STRASER
:61:2506030603C1144,96NTRFNONREF//2515449156846608
:86:166?00SEPA-CREDIT TRANSFER?109075/611?20EREF+NOTPROVIDED?21SVWZ+1
505002?30SPKRDE33XXX?31DE33320500000002189132?32JESSICA PAULI
:61:2506030603C1160,07NTRFNONREF//2515449169662344
:86:166?00SEPA-CREDIT TRANSFER?109075/611?20EREF+NOTPROVIDED?21SVWZ+4
890364?30MALADE51DKH?31DE07546512400200522761?32JENNIFER SPRENGER
:61:2506030603C1185,64NTRFNONREF//2515449156271415
:86:166?00SEPA-CREDIT TRANSFER?109075/611?20EREF+MOB.153.UE.POS004491
59?21SVWZ+7749203?30COBADEFFXXX?31DE43820400000602667800?32BARBEL
 KORBER
:61:2506030603C1207,17NTRFNONREF//RTE2EEynw2TUln
:86:168?00SEPA INSTANT PAYMENT?109075/613?20EREF+NOTPROVIDED?21SVWZ+B
UCHUNGSNUMMER: 159720?228?30BCEELULLXXX?31LU660019485533734000?32
SAX NATHALIE CLAUDINE
:61:2506030603C1217,77NTRFNONREF//2515449156128102
:86:166?00SEPA-CREDIT TRANSFER?109075/611?20EREF+NOTPROVIDED?21SVWZ+B
UCHUNGSNUMMER 4860313?22 JULIA TOEBERG?30DGPBDE3M?31DE97472601216
660331400?32JULIA TOEBERG
:61:2506030603C1223,47NTRFNONREF//2515449157069669
:86:166?00SEPA-CREDIT TRANSFER?109075/611?20EREF+NOTPROVIDED?21SVWZ+B
UCHUNGSNR. 6569086?30BYLADEM1SRS?31DE87764500000750284366?32MARKU
S HANZEL
:62M:C250603EUR146322,47
-}{1:F01DEUTDEFFXP9Y0000000000}{2:O9402110250603DEUTDEFFCXXX00000000002506032110N}{3:{108:                }}{4:
:20:410193537800
:25:37070060/19353780000
:28C:00106/042
:60M:C250603EUR146322,47
:61:2506030603C1227,99NTRFNONREF//2515449156264683
:86:166?00SEPA-CREDIT TRANSFER?109075/611?20EREF+FAM.HEIM?21SVWZ+BUCH
UNGSNR. 3569505?30BYLADEM1001?31DE10120300001065669598?32JOCHEN H
EIM UND DR. KATERIN?33A HEIM
:61:2506030603C1231,74NTRFNONREF//2515449167396885
:86:166?00SEPA-CREDIT TRANSFER?109075/611?20EREF+NOTPROVIDED?21SVWZ+B
UCHUNGSNUMMER 4575902?30BRLADE21ANO?31DE49283500000100107838?32BE
CKER, ROSWITHA
:61:2506030603C1234,80NTRFNONREF//2515449156315071
:86:166?00SEPA-CREDIT TRANSFER?109075/611?20EREF+URLAUB 2025?21SVWZ+5
985184?30HELADEF1822?31DE82500502011251985716?32DESIREE ETHNER
:61:2506030603C1238,64NTRFNONREF//RTE2EFFkg1zjuH
:86:168?00SEPA INSTANT PAYMENT?109075/613?20EREF+NOTPROVIDED?21SVWZ+B
UCHUNG NR. 5684344?30BCEELULLXXX?31LU880019595551082000?32ENGEL F
LORENCE
:61:2506030603C1243,52NTRFNONREF//2515449156633566
:86:166?00SEPA-CREDIT TRANSFER?109075/611?20EREF+NOTPROVIDED?21SVWZ+B
UCHUNGS-NR.: 596368?30GENODEM1BOB?31DE35428613870084987200?32DORI
S KOTTING
:61:2506030603C1253,60NTRFNONREF//2515449156494203
:86:166?00SEPA-CREDIT TRANSFER?109075/611?20EREF+NOTPROVIDED?21SVWZ+B
UCHUNGSNUMMER 2501780?30BYLADEM1001?31DE39120300001019092392?32CH
RIS PASCAL TRYNOGA
:61:2506030603C1272,38NTRFNONREF//2515449167409201
:86:166?00SEPA-CREDIT TRANSFER?109075/611?20EREF+NOTPROVIDED?21SVWZ+5
609709?30SAKSDE55XXX?31DE05590501010229022363?32UWE MARGARDT
:61:2506030603C1296,38NTRFNONREF//2515449156443776
:86:166?00SEPA-CREDIT TRANSFER?109075/611?20EREF+NOTPROVIDED?21SVWZ+B
UCHUNG NR. 3843972 NE?22CKER?30GENODES1BBV?31DE476039000007408320
00?32HEIKO UND ANJA NECKER
:62M:C250603EUR156321,52
-}{1:F01DEUTDEFFXP9Y0000000000}{2:O9402110250603DEUTDEFFCXXX00000000002506032110N}{3:{108:                }}{4:
:20:410193537800
:25:37070060/19353780000
:28C:00106/043
:60M:C250603EUR156321,52
:61:2506030603C1323,90NTRFNONREF//RTE2EFaNkkpSpn
:86:168?00SEPA INSTANT PAYMENT?109075/613?20EREF+NOTPROVIDED?21SVWZ+4
706013 BORODKO?30GENODEM1HLW?31DE22480620510115651700?32PAWEL BOR
ODKO
:61:2506030603C1337,64NTRFNONREF//2515449171437688
:86:166?00SEPA-CREDIT TRANSFER?109075/611?20EREF+NOTPROVIDED?21SVWZ+B
UCHUNGSNUMMER 3886879?22 DANIELA ALBER?30ESSLDE66?31DE04611500200
007095128?32DANIELA ALBER
:61:2506030603C1346,58NTRFNONREF//2515449156975079
:86:166?00SEPA-CREDIT TRANSFER?109075/611?20EREF+NOTPROVIDED?21SVWZ+9
067824 RESTZAHLUNG?30HELADEF1SLS?31DE67506521240126376821?32JANIN
E GALLERT
:61:2506030603C1357,86NTRFNONREF//2515449159816729
:86:166?00SEPA-CREDIT TRANSFER?109075/611?20EREF+NOTPROVIDED?21SVWZ+B
UCHUNGSNUMMER 6531943?30NORSDE71XXX?31DE72760260000853162600?32ME
WES, TINO, MEWES, ELKE
:61:2506030603C1376,28NTRFNONREF//2515449172561196
:86:166?00SEPA-CREDIT TRANSFER?109075/611?20EREF+NOTPROVIDED?21SVWZ+B
UCHUNGSNUMMER:6808054?22, ULRIKE REINHOLD?30GENODED1MRB?31DE10310
605176801011010?32MICHAEL UND ULRIKE REINHOLD
:61:2506030603C1384,93NTRFNONREF//2515449156250241
:86:166?00SEPA-CREDIT TRANSFER?109075/611?20EREF+MOB.153.UE.POS004917
28?21SVWZ+BUCHUNGSNR: 3571007?30COBADEFFXXX?31DE12505400280426935
300?32NILS EINECKE EILEEN EINECKE
:61:2506030603C1386,50NTRFNONREF//2515449156591505
:86:166?00SEPA-CREDIT TRANSFER?109075/611?20EREF+NOTPROVIDED?21SVWZ+6
458294?30GENODES1BPF?31DE07600692390014888009?32MICHAEL JUNGBACK
:62M:C250603EUR165835,21
-}{1:F01DEUTDEFFXP9Y0000000000}{2:O9402110250603DEUTDEFFCXXX00000000002506032110N}{3:{108:                }}{4:
:20:410193537800
:25:37070060/19353780000
:28C:00106/044
:60M:C250603EUR165835,21
:61:2506030603C1395,17NTRFNONREF//2515449161408298
:86:166?00SEPA-CREDIT TRANSFER?109075/611?20EREF+NOTPROVIDED?21SVWZ+5
494385?30CMCIDEDDXXX?31DE39300209003232310100?32 MANUELA YILMAZ-B
UELK
:61:2506030603C1399,59NTRFNONREF//2515449156870119
:86:166?00SEPA-CREDIT TRANSFER?109075/611?20EREF+NOTPROVIDED?21SVWZ+9
914463?30HELADEF1822?31DE38500502011202953881?32MURESAN, NICOLE
:61:2506030603C1401,27NTRFNONREF//2515449156669366
:86:166?00SEPA-CREDIT TRANSFER?109075/611?20EREF+NOTPROVIDED?21SVWZ+7
549596?30GENODED1KHK?31DE58560614720006707090?32MARIO MATTES
:61:2506030603C1410,62NTRFNONREF//2515449157024980
:86:166?00SEPA-CREDIT TRANSFER?109075/611?20EREF+NOTPROVIDED?21SVWZ+B
UCHUNSUMMER 315172?30SOLADES1REU?31DE75640500000000726542?32PETRA
 HIRSCHBURGER
:61:2506030603C1418,12NTRFNONREF//2515449161249793
:86:166?00SEPA-CREDIT TRANSFER?109075/611?20EREF+NOTPROVIDED?21SVWZ+1
744467?30HYVEDEMMXXX?31DE43700202700657793906?32KAMBEITZ-ILANKOVI
C L
:61:2506030603C1423,04NTRFNONREF//2515449167346774
:86:166?00SEPA-CREDIT TRANSFER?109075/611?20EREF+NOTPROVIDED?21SVWZ+B
UCHUNGS NUMMER 294259?224?30WELADED1BOT?31DE06424512200100059559?
32ANJA KUSCH
:61:2506030603C1444,38NTRFNONREF//2515449157508457
:86:166?00SEPA-CREDIT TRANSFER?109075/611?20EREF+NOTPROVIDED?21SVWZ+B
UCHUNGSNUMMER 5978236?30VOWADE2B?31DE41270200001512196120?32ARNE-
CHRISTIAN KORN
:61:2506030603C1449,70NTRFNONREF//2515449169409945
:86:166?00SEPA-CREDIT TRANSFER?109075/611?20EREF+NOTPROVIDED?21SVWZ+8
690593 JESSICA WUBBEL?22MANN?30GENODEF1ESO?31DE512806352673116106
00?32JESSICA WUBBELMANN
:62M:C250603EUR177177,10
-}{1:F01DEUTDEFFXP9Y0000000000}{2:O9402110250603DEUTDEFFCXXX00000000002506032110N}{3:{108:                }}{4:
:20:410193537800
:25:37070060/19353780000
:28C:00106/045
:60M:C250603EUR177177,10
:61:2506030603C1455,22NTRFNONREF//2515449171326774
:86:166?00SEPA-CREDIT TRANSFER?109075/611?20EREF+33051541903401791901
59?216?22SVWZ+VWZ. 5313946?30GENODE51RGG?31DE96510915000000051470
?32DIETER UND UTE ISSINGER
:61:2506030603C1456,56NTRFNONREF//2515449172841203
:86:166?00SEPA-CREDIT TRANSFER?109075/611?20EREF+NOTPROVIDED?21SVWZ+B
UCHUNGSNUMMER 1141316?22VERENA WEIKUM?30GENODED1SPK?31DE453706059
00003910784?32WEIKUM, VERENA
:61:2506030603C1457,57NTRFNONREF//2515449172645668
:86:166?00SEPA-CREDIT TRANSFER?109075/611?20EREF+MOB.154.UE.POS002501
80?21SVWZ+1447691?30COBADEFFXXX?31DE35752400000403287601?32MARKUS
 REINHARDT
:61:2506030603C1467,97NTRFNONREF//2515449167179896
:86:166?00SEPA-CREDIT TRANSFER?109075/611?20EREF+NOTPROVIDED?21SVWZ+2
770977?30NOLADE21GOE?31DE45260500010103344719?32ELKE ARNDT-MIKOLE
YCZAK
:61:2506030603C1472,40NTRFNONREF//2515449169395900
:86:166?00SEPA-CREDIT TRANSFER?109075/611?20EREF+NOTPROVIDED?21SVWZ+B
UCHUNGSNUMMER 7362354?30WELADED1STF?31DE18403510600074628520?32ID
A NEUBERGER
:61:2506030603C1475,34NTRFNONREF//RTE2EEfvYORjUx
:86:168?00SEPA INSTANT PAYMENT?109075/613?20EREF+NOTPROVIDED?21SVWZ+3
446366 MAUER?30NTSBDEB1XXX?31DE57100110012624137945?32DANIEL MAUE
R
:61:2506030603C1492,40NTRFNONREF//2515449167163082
:86:166?00SEPA-CREDIT TRANSFER?109075/611?20EREF+NOTPROVIDED?21SVWZ+5
065742?30NOLADE21SHG?31DE70255514800488005257?32CHRISTIAN REGERT 
BIANCA REG?33ERT
:61:2506030603C1500,00NTRFNONREF//RTE2EEDLvpUlzR
:86:168?00SEPA INSTANT PAYMENT?109075/613?20EREF+NOTPROVIDED?21SVWZ+B
UCHUNGSNR.:8297662?30WELADE3LXXX?31DE49476501301111879316?32VANES
SA FLEISCHER
:62M:C250603EUR188954,56
-}{1:F01DEUTDEFFXP9Y0000000000}{2:O9402110250603DEUTDEFFCXXX00000000002506032110N}{3:{108:                }}{4:
:20:410193537800
:25:37070060/19353780000
:28C:00106/046
:60M:C250603EUR188954,56
:61:2506030603C1500,00NTRFNONREF//2515449163699318
:86:166?00SEPA-CREDIT TRANSFER?109075/611?20EREF+NOTPROVIDED?21SVWZ+B
U.NR 2425274?30PBNKDEFFXXX?31DE37360100430759549434?32ANGELIKA SC
HLIEN
:61:2506030603C1507,48NTRFNONREF//2515449166896115
:86:166?00SEPA-CREDIT TRANSFER?109075/611?20EREF+MOB.154.UE.POS000300
50?21SVWZ+6378345?30COBADEFFXXX?31DE52820400000770094100?32THOMAS
 BECKER
:61:2506030603C1534,50NTRFNONREF//2515449156526722
:86:166?00SEPA-CREDIT TRANSFER?109075/611?20EREF+NOTPROVIDED?21SVWZ+B
UCHUNGSNUMMER 8010130?30BYLADEM1001?31DE03120300001066259290?32FR
ANK NEUSCHILD UND SARA NE?33USCHILD
:61:2506030603C1543,20NTRFNONREF//2515449167006344
:86:166?00SEPA-CREDIT TRANSFER?109075/611?20EREF+NOTPROVIDED?21SVWZ+B
UCHUNGSNUMMER 2018478?30BYLADEM1ASA?31DE66795500000501555270?32NI
LS ZINTZ KATRIN ZINTZ
:61:2506030603C1546,74NTRFNONREF//RTE2EENQFwtciL
:86:168?00SEPA INSTANT PAYMENT?109075/613?20EREF+NOTPROVIDED?21SVWZ+1
680976 // SANDNER NAD?22INE?30ANHODE77XXX?31DE0772030227201045702
2?32CHRISTIAN TEUBNER
:61:2506030603C1552,80NTRFNONREF//2515449156624367
:86:166?00SEPA-CREDIT TRANSFER?109075/611?20EREF+NOTPROVIDED?21SVWZ+B
UCHUNGSNR. 8836802 PA?22RK ZANDVOORT ANKUNFT 04/07/?232025?24ABWA
+HELMUT WIEDAU, MARIANN?25E WIEDAU?30WELADED1MST?31DE654005015001
51044864?32HELMUT WIEDAU, MARIANNE WIE?33DAU
:61:2506030603C1552,96NTRFNONREF//2515449156860738
:86:166?00SEPA-CREDIT TRANSFER?109075/611?20EREF+NOTPROVIDED?21SVWZ+B
UCHUNGSNUMMER 9922835?30HELADEF1NOR?31DE12820540520046189501?32AN
DREAS STOLLBERG
:62M:C250603EUR199692,24
-}{1:F01DEUTDEFFXP9Y0000000000}{2:O9402110250603DEUTDEFFCXXX00000000002506032110N}{3:{108:                }}{4:
:20:410193537800
:25:37070060/19353780000
:28C:00106/047
:60M:C250603EUR199692,24
:61:2506030603C1557,70NTRFNONREF//2515449169425614
:86:166?00SEPA-CREDIT TRANSFER?109075/611?20EREF+NOTPROVIDED?21SVWZ+B
UCHNUNGNR. 4750411?22OOSTDUINKERKE?30GENODEF1S01?31DE975509050000
04701690?32RICHMUTH MELCHIOR ODER WOLF?33GANG MELCHIOR
:61:2506030603C1568,64NTRFNONREF//2515449169639050
:86:166?00SEPA-CREDIT TRANSFER?109075/611?20EREF+NOTPROVIDED?21SVWZ+N
R 3698294?30SOLADES1RVB?31DE62650501100048069546?32GEORG LOOK JOH
ANNA HERB-LOO?33K
:61:2506030603C1576,99NTRFNONREF//2515449172595539
:86:166?00SEPA-CREDIT TRANSFER?109075/611?20EREF+NOTPROVIDED?21SVWZ+C
ENTER PARC SAUERLAND?225313039?30NOLADE21HZB?31DE7026351015010147
7347?32LARS HAUFE
:61:2506030603C1591,91NTRFNONREF//2515449157376981
:86:166?00SEPA-CREDIT TRANSFER?109075/611?20EREF+202505280161597?21SV
WZ+R:9-81993324/568  AFG:?22MC VAN 28/05 TOT 28/05?23    BRT:0001
600,56EUR C:000?2408,65?30GEBABEBB?31BE39210096870619?32WORLDLINE
:61:2506030603C1598,08NTRFNONREF//2515449153440666
:86:166?00SEPA-CREDIT TRANSFER?109075/611?20EREF+NOTPROVIDED?21SVWZ+B
UCHUNGSNUMMER:3281889?30PBNKDEFFXXX?31DE05600100700590818706?32MA
RIO OLONCZIK SARAH FREUND
:61:2506030603C1605,44NTRFNONREF//2515449156676329
:86:166?00SEPA-CREDIT TRANSFER?109075/611?20EREF+NOTPROVIDED?21SVWZ+R
E 511441 EV.KGM. KELZ?22ENBERG?30GENODED1DKD?31DE3035060190101363
8019?32EV. KIRCHENGEMEINDE KELZENB?33ERG
:61:2506030603C1617,11NTRFNONREF//2515449156651159
:86:166?00SEPA-CREDIT TRANSFER?109075/611?20EREF+NOTPROVIDED?21SVWZ+5
381833?30BYLADEM1001?31DE02120300001204718272?32CAROLIN SCHEFFLER
:62M:C250603EUR210808,11
-}{1:F01DEUTDEFFXP9Y0000000000}{2:O9402110250603DEUTDEFFCXXX00000000002506032110N}{3:{108:                }}{4:
:20:410193537800
:25:37070060/19353780000
:28C:00106/048
:60M:C250603EUR210808,11
:61:2506030603C1617,12NTRFNONREF//2515449156321926
:86:166?00SEPA-CREDIT TRANSFER?109075/611?20EREF+NOTPROVIDED?21SVWZ+5
381833?30BYLADEM1001?31DE74120300001207175538?32JESSICA NEUGEBAUE
R
:61:2506030603C1645,04NTRFNONREF//2515449156311774
:86:166?00SEPA-CREDIT TRANSFER?109075/611?20EREF+NOTPROVIDED?21SVWZ+B
UCHUNGSNUMMER 9124939?30BYLADEM1001?31DE37120300001033881242?32MA
X RATAJSZCZAK UND YVONNE?33CAROLIN RATAJSZCZAK
:61:2506030603C1654,60NTRFNONREF//2515449172579057
:86:166?00SEPA-CREDIT TRANSFER?109075/611?20EREF+NOTPROVIDED?21SVWZ+5
611556?30GENODEF1WOB?31DE65269910660500780000?32HENRIK SEELIGER
:61:2506030603C1655,10NTRFNONREF//2515449156990664
:86:166?00SEPA-CREDIT TRANSFER?109075/611?20EREF+NOTPROVIDED?21SVWZ+B
UCHUNGSNR. 9495397 KA?22THARINA KOTTIG?30WELADE3WXXX?31DE18401545
300025576885?32KATHARINA KOTTIG
:61:2506030603C1672,96NTRFNONREF//2515449167361991
:86:166?00SEPA-CREDIT TRANSFER?109075/611?20EREF+NOTPROVIDED?21SVWZ+B
UCHUNGSNUMMER 3486687?30NOLADE21ROS?31DE21130500001040507820?32WO
LLER, KARINA
:61:2506030603C1692,10NTRFNONREF//2515449156605928
:86:166?00SEPA-CREDIT TRANSFER?109075/611?20EREF+MOB.153.UE.POS004926
45?21SVWZ+BUCHUNGSNR: 3584438?30COBADEFFXXX?31DE12505400280426935
300?32NILS EINECKE EILEEN EINECKE
:61:2506030603C1696,67NTRFNONREF//2515449169598033
:86:166?00SEPA-CREDIT TRANSFER?109075/611?20EREF+NOTPROVIDED?21SVWZ+B
UCHUNGSNUMMER 6195108?30TRISDE55?31DE85585501300193016334?32SEBAS
TIAN COSACCHI
:62M:C250603EUR222441,70
-}{1:F01DEUTDEFFXP9Y0000000000}{2:O9402110250603DEUTDEFFCXXX00000000002506032110N}{3:{108:                }}{4:
:20:410193537800
:25:37070060/19353780000
:28C:00106/049
:60M:C250603EUR222441,70
:61:2506030603C1702,68NTRFNONREF//RTE2EEk1vcEnce
:86:168?00SEPA INSTANT PAYMENT?109075/613?20EREF+NOTPROVIDED?21SVWZ+B
UCHUNGS NUMMER 856830?226 / RING RACING - KLEEN GBR?30MALADE51DAU
?31DE36586512400000132407?32KLEEN GBR
:61:2506030603C1711,02NTRFNONREF//2515449169666649
:86:166?00SEPA-CREDIT TRANSFER?109075/611?20EREF+NOTPROVIDED?21SVWZ+3
986868?30SSKMDEMMXXX?31DE50701500000050119460?32ALEXANDER INDERST
:61:2506030603C1712,56NTRFNONREF//2515449156516056
:86:166?00SEPA-CREDIT TRANSFER?109075/611?20EREF+NOTPROVIDED?21SVWZ+9
780528?30GENODEF1LSR?31DE33506616390001421980?32KIMBERLY LATTE
:61:2506030603C1716,94NTRFNONREF//2515449167425968
:86:166?00SEPA-CREDIT TRANSFER?109075/611?20EREF+NOTPROVIDED?21SVWZ+B
UCHUNGSNUMMER 5423666?22 RESTZAHLUNG?30HELADEF1TSK?31DE5751250000
0042508489?32BERNHARD WESTENBERGER
:61:2506030603C1722,33NTRFNONREF//2515449156707901
:86:166?00SEPA-CREDIT TRANSFER?109075/611?20EREF+CCB.153.UE.POS005378
47?21SVWZ+BUCHUNGSNUMMER : 48952?2270?30COBADEFFXXX?31DE455334002
40399425800?32STEFANIE SARAH SCHEPP CHRIS?33TOPH SCHEPP
:61:2506030603C1727,68NTRFNONREF//2515449157153656
:86:166?00SEPA-CREDIT TRANSFER?109075/611?20EREF+NOTPROVIDED?21SVWZ+5
483001?30HELADEF1SLS?31DE63506521240145241162?32RUTHILD MATHIEU
:61:2506030603C1729,34NTRFNONREF//2515449167341260
:86:166?00SEPA-CREDIT TRANSFER?109075/611?20EREF+NOTPROVIDED?21SVWZ+B
UCHUNGSNUMMER 4062966?22, SPARDING?30COLSDE33XXX?31DE243705019800
35523711?32PETER UND ANGELIKA SPARDING
:62M:C250603EUR234464,25
-}{1:F01DEUTDEFFXP9Y0000000000}{2:O9402110250603DEUTDEFFCXXX00000000002506032110N}{3:{108:                }}{4:
:20:410193537800
:25:37070060/19353780000
:28C:00106/050
:60M:C250603EUR234464,25
:61:2506030603C1733,87NTRFNONREF//2515449157508087
:86:166?00SEPA-CREDIT TRANSFER?109075/611?20EREF+NOTPROVIDED?21SVWZ+B
UCHUNGSNUMMER 6995402?22 PRELLWITZ?30AUDFDE21?31DE272702000115174
80107?32KEVIN PRELLWITZ MARLEN PREL?33LWITZ
:61:2506030603C1740,80NTRFNONREF//2515449161676835
:86:166?00SEPA-CREDIT TRANSFER?109075/611?20EREF+NOTPROVIDED?21SVWZ+6
094732?30INGDDEFFXXX?31DE51500105175411857324?32LUDGER DEGEN
:61:2506030603C1746,92NTRFNONREF//2515449156888563
:86:166?00SEPA-CREDIT TRANSFER?109075/611?20EREF+NOTPROVIDED?21SVWZ+B
UCHUNGSNR.5421610?30HELADEF1JEN?31DE41830530300001482807?32SWETLA
NA KAHLE
:61:2506030603C1767,22NTRFNONREF//2515449171269384
:86:166?00SEPA-CREDIT TRANSFER?109075/611?20EREF+NOTPROVIDED?21SVWZ+4
662972 ENKE?30GENODE61SPE?31DE70547900000107107401?32GUNTHER ENKE
:61:2506030603C1771,14NTRFNONREF//2515449156764344
:86:166?00SEPA-CREDIT TRANSFER?109075/611?20EREF+NOTPROVIDED?21SVWZ+B
UCHUNG NR. 8825046?30SPKRDE33XXX?31DE63320500000020462131?32NORBE
RT UNGERECHTS UND BIRG?33IT UNGERECHTS
:61:2506030603C1772,48NTRFNONREF//2515449167422470
:86:166?00SEPA-CREDIT TRANSFER?109075/611?20EREF+NOTPROVIDED?21SVWZ+B
UCHUNG NR 9326305 HET?22 MEERDAL?30NOLADE21HAL?31DE77800537624450
009261?32TAUCHE, SYLVIA
:61:2506030603C1776,90NTRFNONREF//2515449167267432
:86:166?00SEPA-CREDIT TRANSFER?109075/611?20EREF+NOTPROVIDED?21SVWZ+B
UCHUNGSNUMMER 5142844?22 .TANJA KORNETZKI?30WELADED1EUS?31DE27382
501100006187645?32KORNETZKI, TANJA
:62M:C250603EUR246773,58
-}{1:F01DEUTDEFFXP9Y0000000000}{2:O9402110250603DEUTDEFFCXXX00000000002506032110N}{3:{108:                }}{4:
:20:410193537800
:25:37070060/19353780000
:28C:00106/051
:60M:C250603EUR246773,58
:61:2506030603C1801,82NTRFNONREF//2515449156806715
:86:166?00SEPA-CREDIT TRANSFER?109075/611?20EREF+NOTPROVIDED?21SVWZ+B
UCHUNGSNUMMER 4475763?30GENODEF1ORF?31DE48280690520226165000?32JO
RG UND KARINA HUXSOHL
:61:2506030603C1856,74NTRFNONREF//2515449156937139
:86:166?00SEPA-CREDIT TRANSFER?109075/611?20EREF+NOTPROVIDED?21SVWZ+4
001640?30HELADEF1DAS?31DE95508501500108125500?32MOHAMMED AYOUB NE
JJARI
:61:2506030603C1859,94NTRFNONREF//2515449167417656
:86:166?00SEPA-CREDIT TRANSFER?109075/611?20EREF+NOTPROVIDED?21SVWZ+3
523592?22ABWA+DOKTOR, DIETMAR, CHRIS?23TINA DOKTOR?30NOLADE21SES?
31DE30800555000402135024?32DOKTOR, DIETMAR, CHRISTINA?33DOKTOR
:61:2506030603C1860,78NTRFNONREF//2515449156466085
:86:166?00SEPA-CREDIT TRANSFER?109075/611?20EREF+75101530825801791655
59?215?22SVWZ+BUCHUNGSNR.:3857200?30GENODEF1PBG?31DE4853062350000
0612022?32MARKUS BREHL
:61:2506030603C1884,80NTRFNONREF//RTE2EE9iuN6WG6
:86:168?00SEPA INSTANT PAYMENT?109075/613?20EREF+NOTPROVIDED?21SVWZ+B
UCHUNGSNUMMER 5484892?30COBADEHDXXX?31DE30200411110409132800?32ST
EFFEN WERFEL, MONICQUE WE?33RFEL
:61:2506030603C1887,24NTRFNONREF//2515449167462129
:86:166?00SEPA-CREDIT TRANSFER?109075/611?20EREF+NOTPROVIDED?21SVWZ+5
576610?30WELADE3WXXX?31DE31401545300044427631?32BJORN SCHMALENBEC
K
:61:2506030603C1891,20NTRFNONREF//2515449167465908
:86:166?00SEPA-CREDIT TRANSFER?109075/611?20EREF+NOTPROVIDED?21SVWZ+7
637000 BUCHUNG AUF GI?22NA GOTTMANN?30HELADEF1KOR?31DE26523500050
001917590?32HENDRIK GOTTMANN
:62M:C250603EUR259816,10
-}{1:F01DEUTDEFFXP9Y0000000000}{2:O9402110250603DEUTDEFFCXXX00000000002506032110N}{3:{108:                }}{4:
:20:410193537800
:25:37070060/19353780000
:28C:00106/052
:60M:C250603EUR259816,10
:61:2506030603C1916,87NTRFNONREF//2515449157079443
:86:166?00SEPA-CREDIT TRANSFER?109075/611?20EREF+NOTPROVIDED?21SVWZ+1
877231 IRENE BUCHMULL?22ER?30SSKNDE77XXX?31DE41760501010005840442
?32ANDREAS SYTSCHEV IRENE BUCH?33MULLER
:61:2506030603C1951,37NTRFNONREF//RTE2EEIveSDu2s
:86:168?00SEPA INSTANT PAYMENT?109075/613?20EREF+NOTPROVIDED?21SVWZ+8
475664 - ANDREA KRUGE?22R - RESTZAHLUNG?30WELADE3WXXX?31DE9440154
5300052403292?32ANDREA KRUGER
:61:2506030603C1953,44NTRFNONREF//2515449167182171
:86:166?00SEPA-CREDIT TRANSFER?109075/611?20EREF+NOTPROVIDED?21SVWZ+B
UCHUNGSNUMMER: 610050?228?30GENODE61BBB?31DE62660908000007706936?
32CHRISTIN LESCH
:61:2506030603C1959,03NTRFNONREF//2515449167337554
:86:166?00SEPA-CREDIT TRANSFER?109075/611?20EREF+NOTPROVIDED?21SVWZ+B
UCHUNGSNUMMER: 341184?223?30SPMHDE3EXXX?31DE47362500001176003584?
32DUSTIN LOEWER
:61:2506030603C2000,00NTRFNONREF//2515449161761931
:86:166?00SEPA-CREDIT TRANSFER?109075/611?20EREF+6431311-SEBASTIAN AR
ND?21T?22SVWZ+VERW.6431311-SEBASTIAN?23 ARNDT?30INGDDEFFXXX?31DE2
3500105175421736599?32SEBASTIAN ARNDT
:61:2506030603C2000,00NTRFNONREF//2515449161634699
:86:166?00SEPA-CREDIT TRANSFER?109075/611?20EREF+NOTPROVIDED?21SVWZ+B
UCHUNGSNUMMER 8463993?30INGDDEFFXXX?31DE51500105175426697354?32HE
IKO ENGLERT
:61:2506030603C2009,10NTRFNONREF//2515449156946710
:86:166?00SEPA-CREDIT TRANSFER?109075/611?20EREF+NOTPROVIDED?21SVWZ+B
UCH.NR.2186379 ELKE S?22CHELLENBERG?23ABWA+SCHELLENBERG DETLEF?30
HELADEF1ALT?31DE85830502001200161803?32SCHELLENBERG DETLEF
:62M:C250603EUR273605,91
-}{1:F01DEUTDEFFXP9Y0000000000}{2:O9402110250603DEUTDEFFCXXX00000000002506032110N}{3:{108:                }}{4:
:20:410193537800
:25:37070060/19353780000
:28C:00106/053
:60M:C250603EUR273605,91
:61:2506030603C2018,14NTRFNONREF//2515449157377260
:86:166?00SEPA-CREDIT TRANSFER?109075/611?20EREF+202505290092414?21SV
WZ+R:1-81359003/030  AFG:?22MC VAN 29/05 TOT 29/05?23    BRT:0002
048,27EUR C:000?2430,13?30GEBABEBB?31BE39210096870619?32WORLDLINE
:61:2506030603C2024,80NTRFNONREF//2515449169685158
:86:166?00SEPA-CREDIT TRANSFER?109075/611?20EREF+NOTPROVIDED?21SVWZ+6
409883?30SPKHDE2HXXX?31DE66250501800017271703?32JESSICA JAESCHKE
:61:2506030603C2087,31NTRFNONREF//2515449161914512
:86:166?00SEPA-CREDIT TRANSFER?109075/611?20EREF+NOTPROVIDED?21SVWZ+B
UCHUNGSNUMMER 7947458?30CCRALULL?31LU760099780100743897?32BARZ WO
LF CHRISTIAN
:61:2506030603C2121,57NTRFNONREF//2515449167210326
:86:166?00SEPA-CREDIT TRANSFER?109075/611?20EREF+NOTPROVIDED?21SVWZ+B
UCHUNG 5478 FERIENPAR?22K ALLGAU LEISER,SUSANN?30GENODED1WIL?31DE
29384621352210637020?32SUSANN LEISER
:61:2506030603C2129,12NTRFNONREF//2515449167191868
:86:166?00SEPA-CREDIT TRANSFER?109075/611?20EREF+NOTPROVIDED?21SVWZ+3
410457?30NOLADE21HIK?31DE84259501300034174025?32PHILIPP WUNNENBER
G
:61:2506030603C2132,20NTRFNONREF//2515449167406717
:86:166?00SEPA-CREDIT TRANSFER?109075/611?20EREF+NOTPROVIDED?21SVWZ+B
UCHUNGSNUMMER 531605?30WELADE3WXXX?31DE72401545300051137644?32BEN
NO UND SUSANNE PAZEK
:61:2506030603C2154,41NTRFNONREF//2515449172825674
:86:166?00SEPA-CREDIT TRANSFER?109075/611?20EREF+NOTPROVIDED?21SVWZ+B
UCHUNGSNUMMER 9438018?30INGDDEFFXXX?31DE06500105175425730880?32AN
DRE SOBIERAJ
:62M:C250603EUR288273,46
-}{1:F01DEUTDEFFXP9Y0000000000}{2:O9402110250603DEUTDEFFCXXX00000000002506032110N}{3:{108:                }}{4:
:20:410193537800
:25:37070060/19353780000
:28C:00106/054
:60M:C250603EUR288273,46
:61:2506030603C2173,64NTRFNONREF//2515449169572071
:86:166?00SEPA-CREDIT TRANSFER?109075/611?20EREF+NOTPROVIDED?21SVWZ+B
UCHUNG 6662465 01.08.?22-08.08.?30GENODE61AZY?31DE515509120000641
71607?32NILS FRIEDRICH
:61:2506030603C2183,68NTRFNONREF//RTE2EF4Q7Mvqvx
:86:168?00SEPA INSTANT PAYMENT?109075/613?20EREF+NOTPROVIDED?21SVWZ+B
UCHUNGSNUMMER 5718411?22, KATRIN DIERMANN?30SCFBDE33XXX?31DE32500
333002278895800?32DIERMANN, MARC
:61:2506030603C2196,22NTRFNONREF//2515449169634004
:86:166?00SEPA-CREDIT TRANSFER?109075/611?20EREF+NOTPROVIDED?21SVWZ+7
280170?30MALADE51MYN?31DE70576500100195009352?32FRANZ JOSEF LINDN
ER UND ELI?33SABETH  LINDNER
:61:2506030603C2220,69NTRFNONREF//2515449167442851
:86:166?00SEPA-CREDIT TRANSFER?109075/611?20EREF+NOTPROVIDED?21SVWZ+B
N: 669145?30NOLADE21BTF?31DE96800537220402330374?32RONNY ELZE
:61:2506030603C2244,80NTRFNONREF//2515449156937764
:86:166?00SEPA-CREDIT TRANSFER?109075/611?20EREF+NOTPROVIDED?21SVWZ+B
UCHUNGSNUMMER: 302183?228?30HELADEF1RRS?31DE51840500001706160140?
32HARTUNG, MARTINA
:61:2506030603C2266,96NTRFNONREF//2515449157531446
:86:166?00SEPA-CREDIT TRANSFER?109075/611?20EREF+NOTPROVIDED?21SVWZ+4
20057?30VOWADE2B?31DE24270200001512872613?32SUSANNE KUEHN
:61:2506030603C2295,68NTRFNONREF//2515449167211657
:86:166?00SEPA-CREDIT TRANSFER?109075/611?20EREF+NOTPROVIDED?21SVWZ+9
550166?30NOLADE21EMS?31DE19266500011101408084?32MANUELA RIBINSKI
:61:2506030603C2305,95NTRFNONREF//2515449167451875
:86:166?00SEPA-CREDIT TRANSFER?109075/611?20EREF+NOTPROVIDED?21SVWZ+B
UCHUNG 1687488.ANDREA?22S WEHNERT?30NOLADE21HAL?31DE0780053762048
1046874?32WEHNERT, ANDREAS
:62M:C250603EUR306161,08
-}{1:F01DEUTDEFFXP9Y0000000000}{2:O9402110250603DEUTDEFFCXXX00000000002506032110N}{3:{108:                }}{4:
:20:410193537800
:25:37070060/19353780000
:28C:00106/055
:60M:C250603EUR306161,08
:61:2506030603C2358,69NTRFNONREF//2515449157376990
:86:166?00SEPA-CREDIT TRANSFER?109075/611?20EREF+202505280158272?21SV
WZ+R:1-81359003/028  AFG:?22MC VAN 28/05 TOT 28/05?23    BRT:0002
390,55EUR C:000?2431,86?30GEBABEBB?31BE39210096870619?32WORLDLINE
:61:2506030603C2359,90NTRFNONREF//2515449156601454
:86:166?00SEPA-CREDIT TRANSFER?109075/611?20EREF+NOTPROVIDED?21SVWZ+1
68542?30GENODED1BIT?31DE68586601010006952272?32CHRISTOF JOHANNES 
THIELEN
:61:2506030603C2377,36NTRFNONREF//2515449172602320
:86:166?00SEPA-CREDIT TRANSFER?109075/611?20EREF+NOTPROVIDED?21SVWZ+1
238455?22ABWA+CHRISTIAN KOCKRITZ, CI?23NDY KOCKRITZ?30BRLADE21ANO
?31DE70283500000145459228?32CHRISTIAN KOCKRITZ CINDY KO?33CKRITZ
:61:2506030603C2380,80NTRFNONREF//2515449171395555
:86:166?00SEPA-CREDIT TRANSFER?109075/611?20EREF+NOTPROVIDED?21SVWZ+3
783354?30WELADED1GLA?31DE98424500400004552584?32MICHAEL UND KATJA
 SUESSENBA?33CH
:61:2506030603C2410,08NTRFNONREF//2515449169516405
:86:166?00SEPA-CREDIT TRANSFER?109075/611?20EREF+NOTPROVIDED?21SVWZ+B
UCHUNGS-NR.:  9952160?30SOLADEST600?31DE07600501010006431903?32MU
SCHACK, HOLGER
:61:2506030603C2459,54NTRFNONREF//2515449161937498
:86:166?00SEPA-CREDIT TRANSFER?109075/611?20EREF+NOTPROVIDED?21SVWZ+5
672931?30CMCIDEDDXXX?31DE42300209000409661553?32ALEXANDER MICHAEL
 WILHELM O?33DER KERSTIN SCHAETZLE-WILHE
:61:2506030603C2473,76NTRFNONREF//2515449171367277
:86:166?00SEPA-CREDIT TRANSFER?109075/611?20EREF+NOTPROVIDED?21SVWZ+6
603604?30HELADEF1MAR?31DE42533500001034304684?32ANJA SOLLEDER
:62M:C250603EUR322981,21
-}{1:F01DEUTDEFFXP9Y0000000000}{2:O9402110250603DEUTDEFFCXXX00000000002506032110N}{3:{108:                }}{4:
:20:410193537800
:25:37070060/19353780000
:28C:00106/056
:60M:C250603EUR322981,21
:61:2506030603C2493,44NTRFNONREF//2515449167327967
:86:166?00SEPA-CREDIT TRANSFER?109075/611?20EREF+NOTPROVIDED?21SVWZ+B
UCHUNGSNUMMER 5172591?30SPESDE3EXXX?31DE08360501050006933600?32VA
NESSA DE BEYER
:61:2506030603C2500,00NTRFNONREF//2515449171319374
:86:166?00SEPA-CREDIT TRANSFER?109075/611?20EREF+NOTPROVIDED?21SVWZ+4
030279'?30GENODEF1WOH?31DE82520635500005092175?32EILEEN HOHMANN
:61:2506030603C2595,52NTRFNONREF//2515449161288922
:86:166?00SEPA-CREDIT TRANSFER?109075/611?20EREF+CCB.152.UE.POS002928
80?21SVWZ+BUCHUNGSNUMMER: 343701?221?30COBADEFFXXX?31DE3951040038
0568557300?32HASAN UENAL
:61:2506030603C2629,60NTRFNONREF//2515449171371924
:86:166?00SEPA-CREDIT TRANSFER?109075/611?20EREF+OLPAYMENTTAN.1.8165?
21SVWZ+BUCHUNG 2666725?22ABWA+JUGENDHILFE NORDWEST?30WELADED1OPR?
31DE31160502021521001800?32JUGENDHILFE NORDWEST BRANDE?33NBURG E.
V.
:61:2506030603C2646,88NTRFNONREF//2515449169465407
:86:166?00SEPA-CREDIT TRANSFER?109075/611?20EREF+NOTPROVIDED?21SVWZ+B
UCHUNGSNUMMER 7018018?22  BIRKENHAUER?30MVBMDE55?31DE955519000006
99536017?32KAI UND SIMONE BIRKENHAUER
:61:2506030603C2685,60NTRFNONREF//2515449156414818
:86:166?00SEPA-CREDIT TRANSFER?109075/611?20EREF+NOTPROVIDED?21SVWZ+6
528529 URLAUB AB 04.0?227.25?30GENODE51ALS?31DE205309320000070510
93?32ANNE-LOREN LEIN
:61:2506030603C2712,00NTRFNONREF//2515449162064891
:86:166?00SEPA-CREDIT TRANSFER?109075/611?20EREF+NOTPROVIDED?21SVWZ+B
UCHUNGSNUMMER: 514810?222?30PBNKDEFFXXX?31DE16200100200811923201?
32DANIEL OBEN MARTINA OBEN
:62M:C250603EUR341244,25
-}{1:F01DEUTDEFFXP9Y0000000000}{2:O9402110250603DEUTDEFFCXXX00000000002506032110N}{3:{108:                }}{4:
:20:410193537800
:25:37070060/19353780000
:28C:00106/057
:60M:C250603EUR341244,25
:61:2506030603C2744,88NTRFNONREF//2515449171379488
:86:166?00SEPA-CREDIT TRANSFER?109075/611?20EREF+NOTPROVIDED?21SVWZ+B
U.NR:3944688?22ABWA+BECKER, STEFAN?30WELADED1EUS?31DE733825011000
07207160?32STEFAN BECKER BARBARA BECKE?33R
:61:2506030603C2760,02NTRFNONREF//2515449157143267
:86:166?00SEPA-CREDIT TRANSFER?109075/611?20EREF+NOTPROVIDED?21SVWZ+9
366180?30HELADEF1FRI?31DE13518500791244186633?32SANDRA HACKER
:61:2506030603C2814,44NTRFNONREF//2515449156763135
:86:166?00SEPA-CREDIT TRANSFER?109075/611?20EREF+NOTPROVIDED?21SVWZ+B
UCHUNGSNUMMER 1136014?30COBADEHD044?31DE59200411440365605500?32RE
NE MAEDER
:61:2506030603C2868,80NTRFNONREF//2515449167463004
:86:166?00SEPA-CREDIT TRANSFER?109075/611?20EREF+NOTPROVIDED?21SVWZ+B
UCHUNG URSULA NUTZER.?22BUCHUNGS NR. 5021942?30WELADED1BGK?31DE77
410518450016164220?32SIEGHARD NUTZER
:61:2506030603C2881,93NTRFNONREF//2515449161942736
:86:166?00SEPA-CREDIT TRANSFER?109075/611?20EREF+NOTPROVIDED?21SVWZ+6
033804?30CMCIDEDDXXX?31DE35300209000807770922?32KATHARINA LABUSCH
 ODER CHRI?33STOPH STROMCZYNSKI
:61:2506030603C2896,00NTRFNONREF//2515449157511896
:86:166?00SEPA-CREDIT TRANSFER?109075/611?20EREF+NOTPROVIDED?21SVWZ+B
UCHUNGSNUMMER 8787104?30VOWADE2B?31DE93270200001514143138?32TORST
EN HIRSCHHAUSEN ELKE A?33RLT
:61:2506030603C2933,44NTRFNONREF//2515449171403532
:86:166?00SEPA-CREDIT TRANSFER?109075/611?20EREF+NOTPROVIDED?21SVWZ+B
UCHUNG 5517363.DE EEM?22HOF?23ABWA+GASTHOF CHRISTIAN RIES?24KAMP-
?30WELADED1STF?31DE30403510600020002754?32GASTHOF CHRISTIAN RIESK
AMP-
:62M:C250603EUR361143,76
-}{1:F01DEUTDEFFXP9Y0000000000}{2:O9402110250603DEUTDEFFCXXX00000000002506032110N}{3:{108:                }}{4:
:20:410193537800
:25:37070060/19353780000
:28C:00106/058
:60M:C250603EUR361143,76
:61:2506030603C3007,10NTRFNONREF//2515449167376346
:86:166?00SEPA-CREDIT TRANSFER?109075/611?20EREF+NOTPROVIDED?21SVWZ+3
315736?30NOLADE21NBS?31DE35150502004200643087?32STEFAN WIEBKE
:61:2506030603C3043,85NTRFNONREF//2515449156638007
:86:166?00SEPA-CREDIT TRANSFER?109075/611?20EREF+NOTPROVIDED?21SVWZ+9
629608?30GENODE51GIN?31DE74508629032200326518?32TORSTEN MARTIN
:61:2506030603C3107,30NTRFNONREF//RTE2EEjm0Dv3ji
:86:168?00SEPA INSTANT PAYMENT?109075/613?20EREF+NOTPROVIDED?21SVWZ+B
OEKINGSNUMMER 2875527?30ABNANL2A?31NL70ABNA0439838622?32SW SCHEFF
ER
:61:2506030603C3112,16NTRFNONREF//2515449172780027
:86:166?00SEPA-CREDIT TRANSFER?109075/611?20EREF+NOTPROVIDED?21SVWZ+B
UCHUNGSNR.: 2582212?30INGDDEFFXXX?31DE14500105175402309601?32DR. 
BEATE MUELLER-SCHROEER
:61:2506030603C3132,80NTRFNONREF//2515449167406558
:86:166?00SEPA-CREDIT TRANSFER?109075/611?20EREF+NOTPROVIDED?21SVWZ+9
534205?30SALADE51HOM?31DE44594500101011279724?32CHRISTINE KLEIN
:61:2506030603C3171,23NTRFNONREF//2515449157112816
:86:166?00SEPA-CREDIT TRANSFER?109075/611?20EREF+NOTPROVIDED?21SVWZ+B
UCHUNG NR.8420906?30GENODEF1P13?31DE27370609936082831600?32SONJA 
UND KLAUS JAUERNIK
:61:2506030603C3360,96NTRFNONREF//2515449167040124
:86:166?00SEPA-CREDIT TRANSFER?109075/611?20EREF+NOTPROVIDED?21SVWZ+B
UCHUNGSNUMMER: 938853?222?30SPESDE3EXXX?31DE51360501050003169711?
32KARINA FISCHER
:61:2506030603C3435,22NTRFNONREF//2515449156435718
:86:166?00SEPA-CREDIT TRANSFER?109075/611?20EREF+NOTPROVIDED?21SVWZ+9
524382?30BYLADEM1001?31DE81120300001200283271?32MATTHIAS BUTTKUS 
UND DANIEL?33A BUTTKUS
:62M:C250603EUR386514,38
-}{1:F01DEUTDEFFXP9Y0000000000}{2:O9402110250603DEUTDEFFCXXX00000000002506032110N}{3:{108:                }}{4:
:20:410193537800
:25:37070060/19353780000
:28C:00106/059
:60M:C250603EUR386514,38
:61:2506030603C3522,56NTRFNONREF//2515449156684542
:86:166?00SEPA-CREDIT TRANSFER?109075/611?20EREF+NOTPROVIDED?21SVWZ+B
UCHUNG NUMMER 1854379?22.PORT ZELANDE 11.7.-21.7.25?23.ARVED KUHN
E?30COLSDE33XXX?31DE49370501980018262014?32MORTEN KUHNE
:61:2506030603C3606,20NTRFNONREF//2515449156681742
:86:166?00SEPA-CREDIT TRANSFER?109075/611?20EREF+NOTPROVIDED?21SVWZ+B
UCHUNGSNUMMER .401475?228.?30WELADED1MOR?31DE32354500001201387659
?32CARINA KAUP
:61:2506030603C3655,75NTRFNONREF//2515449167463516
:86:166?00SEPA-CREDIT TRANSFER?109075/611?20EREF+NOTPROVIDED?21SVWZ+B
UCHUNGSNUMMER 4628817?22, FAMILIE NIMPTSCH?23ABWA+NIMPTSCH, STEFF
EN, JES?24SICA NIMPTSCH?30BELADEBEXXX?31DE71100500001066942710?32
NIMPTSCH, STEFFEN, JESSICA?33NIMPTSCH
:61:2506030603C3726,38NTRFNONREF//2515449157377270
:86:166?00SEPA-CREDIT TRANSFER?109075/611?20EREF+202505290094053?21SV
WZ+R:3-81993324/571  AFG:?22VI VAN 29/05 TOT 29/05?23    BRT:0003
743,01EUR C:000?2416,63?30GEBABEBB?31BE39210096870619?32WORLDLINE
:61:2506030603C3780,64NTRFNONREF//2515449161964715
:86:166?00SEPA-CREDIT TRANSFER?109075/611?20EREF+NOTPROVIDED?21SVWZ+B
UCHUNG 5265640CP NORB?22ORG?30CCRALULL?31LU660099780100203108?32K
ANIVE SERGE ET SOERENSEN M?33IA
:61:2506030603C3929,44NTRFNONREF//2515449156861219
:86:166?00SEPA-CREDIT TRANSFER?109075/611?20EREF+NOTPROVIDED?21SVWZ+B
UCHUNGSNUMMER 538513?30GENODEF1VAR?31DE64282626730113746800?32DEN
NIS SCHELLSTEDE UND DEIK?33E GERDES
:62M:C250603EUR408735,35
-}{1:F01DEUTDEFFXP9Y0000000000}{2:O9402110250603DEUTDEFFCXXX00000000002506032110N}{3:{108:                }}{4:
:20:410193537800
:25:37070060/19353780000
:28C:00106/060
:60M:C250603EUR408735,35
:61:2506030603C4150,38NTRFNONREF//2515449170413048
:86:166?00SEPA-CREDIT TRANSFER?109075/611?20EREF+NOTPROVIDED?21SVWZ+B
UCHUNGSNR.: 5968387 /?22 LAC D'AILETTE?30DEUTDEDBLEG?31DE40860700
240646603100?32JULIA ZIEGLER
:61:2506030603C4291,39NTRFNONREF//2515449156845388
:86:166?00SEPA-CREDIT TRANSFER?109075/611?20EREF+NOTPROVIDED?21SVWZ+B
UCHUNGSNUMMER 2890487?30NOLADE2HXXX?31DE41250500000200292522?32DR
. THOMAS LOBEL
:61:2506030603C4433,28NTRFNONREF//2515449157406812
:86:166?00SEPA-CREDIT TRANSFER?109075/611?20EREF+NOTPROVIDED?21SVWZ+2
352981?30INGDDEFFXXX?31DE12500105175416271623?32YVONNE DITTMANN
:61:2506030603C4538,40NTRFNONREF//2515449161545671
:86:166?00SEPA-CREDIT TRANSFER?109075/611?20EREF+2419560?21SVWZ+24195
60?30INGDDEFFXXX?31DE78500105175428190959?32SARAA FEITER
:61:2506030603C4619,90NTRFNONREF//2515449156565566
:86:166?00SEPA-CREDIT TRANSFER?109075/611?20EREF+NOTPROVIDED?21SVWZ+B
UCHUNGSNUMMER. 519118?229  STEVEN NIEMANN?30GENODEF1NBU?31DE87240
603004011255101?32STEVEN NIEMANN
:61:2506030603C5496,17NTRFNONREF//RTE2EF1GKVQcQR
:86:168?00SEPA INSTANT PAYMENT?109075/613?20EREF+NOTPROVIDED?21SVWZ+B
UCHUNGSNUMMER 2975808?22 - RESTZAHLUNG?30NOLADE21GRW?31DE12150505
000631003290?32GRIMMENER SPORTVEREIN E.V.
:61:2506030603C6640,80NTRFNONREF//2515449156772520
:86:166?00SEPA-CREDIT TRANSFER?109075/611?20EREF+NOTPROVIDED?21SVWZ+B
UCHUNGSNUMMER 977353?30NOLADE2HXXX?31DE17250500000000130641?32CHR
ISTIAN BLUT STEFAN BLUT
:62M:C250603EUR442905,67
-}{1:F01DEUTDEFFXP9Y0000000000}{2:O9402110250603DEUTDEFFCXXX00000000002506032110N}{3:{108:                }}{4:
:20:410193537800
:25:37070060/19353780000
:28C:00106/061
:60M:C250603EUR442905,67
:61:2506030603C12279,81NTRFNONREF//2515449157377021
:86:166?00SEPA-CREDIT TRANSFER?109075/611?20EREF+202505280158275?21SV
WZ+R:5-81359003/029  AFG:?22VI VAN 28/05 TOT 28/05?23    BRT:0012
335,35EUR C:000?2455,54?30GEBABEBB?31BE39210096870619?32WORLDLINE
:61:2506030603C16115,56NTRFNONREF//2515449151851186
:86:166?00SEPA-CREDIT TRANSFER?109075/611?20EREF+AMEXSCT9506818053251
52?2105020014862C0?22SVWZ+AMERICAN EXPRESS/VU950?236818053/DT2025
0520/TR1/BR16?24468.31/DI-296.43/MWST-56.32?30DEUTDEFFXXX?31DE365
00700100095642501?32AMERICAN EXPRESS PAYMENTS E?33UROPE, S.L.(GER
MANY BRANCH)
:61:2506030603C30462,57NTRFNONREF//2515449172763114
:86:166?00SEPA-CREDIT TRANSFER?109075/611?20EREF+2025-06-03 10:50:36 
52?21798004Z?22SVWZ+T1847461529Z 30405278?23COL C266.10B30728.67E
?30KREDBEBB?31BE06734041973222?32WORLDLINE NV
:61:2506030603C79733,78NTRFNONREF//2515449157377284
:86:166?00SEPA-CREDIT TRANSFER?109075/611?20EREF+202505290092383?21SV
WZ+R:9-81359002/121  AFG:?22MC VAN 29/05 TOT 29/05?23    BRT:0080
440,55EUR C:007?2406,77?30GEBABEBB?31BE39210096870619?32WORLDLINE
:61:2506030603C100161,57NTRFNONREF//2515449157460348
:86:166?00SEPA-CREDIT TRANSFER?109075/611?20EREF+019732F21E7977868F92
B3?215F3F85A5C4?22SVWZ+128408722?30KLRNSESS?31SE71978100000000073
08337?32KLARNA BANK AB
:61:2506030603C100729,61NTRFNONREF//2515449157377289
:86:166?00SEPA-CREDIT TRANSFER?109075/611?20EREF+202505290092391?21SV
WZ+R:3-81359002/122  AFG:?22VI VAN 29/05 TOT 29/05?23    BRT:0101
193,94EUR C:004?2464,33?30GEBABEBB?31BE39210096870619?32WORLDLINE
:62M:C250603EUR782388,57
-}{1:F01DEUTDEFFXP9Y0000000000}{2:O9402110250603DEUTDEFFCXXX00000000002506032110N}{3:{108:                }}{4:
:20:410193537800
:25:37070060/19353780000
:28C:00106/062
:60M:C250603EUR782388,57
:61:2506030603C174468,63NTRFNONREF//2515449157377220
:86:166?00SEPA-CREDIT TRANSFER?109075/611?20EREF+202505280158254?21SV
WZ+R:9-81359002/119  AFG:?22MC VAN 28/05 TOT 28/05?23    BRT:0175
939,43EUR C:014?2470,80?30GEBABEBB?31BE39210096870619?32WORLDLINE
:61:2506030603C203847,23NTRFNONREF//2515449157377224
:86:166?00SEPA-CREDIT TRANSFER?109075/611?20EREF+202505280158260?21SV
WZ+R:3-81359002/120  AFG:?22VI VAN 28/05 TOT 28/05?23    BRT:0204
943,45EUR C:010?2496,22?30GEBABEBB?31BE39210096870619?32WORLDLINE
:61:2506020603D7748,07NCMZNONREF
:86:833?00DB-TRANSFER?109005/728?20410 188075600?3037070060?310188075
600
:61:2506030603D1152956,36NCMZNONREF
:86:833?00DB-TRANSFER?109005/728?20410 188075600?3037070060?310188075
600
:62F:C250603EUR0,00
:64:C250603EUR0,00
-}