:940:
:20:940S251105
:25:NL92RABO0300002424 EUR
:28C:25309
:60F:C251104EUR000000010000,00
:61:251105C000000002460,25N08500203163 2025110//NP8A000251290210
NL73RABO0350800502
:86:/EREF/20251105_1_1/TRCD/1085/ORDP//NAME/Rabobank Smart Pay/REMI/R
abo Smart Pay omzet bijschrijving Transacties van: 2025-11-04 Ver
kpnt_00203163 20251105_1
:61:251105C000000000165,15N541EREF//43236977219
BE39210096870619
:86:/EREF/202511020087568/TRCD/541/ORDP//NAME/WORLDLINE/REMI/R:6-8210
5956/450  AFG:MC VAN 02/11 TOT 02/11         BRT:0000166,44EUR C:
00001,29/PURP//CD/CCRD/ISDT/2025-11-05
:61:251105C000000000031,74N541EREF//43236977202
BE39210096870619
:86:/EREF/202511020087517/TRCD/541/ORDP//NAME/WORLDLINE/REMI/R:8-8227
9684/622  AFG:MC VAN 02/11 TOT 02/11         BRT:0000032,00EUR C:
00000,26/PURP//CD/CCRD/ISDT/2025-11-05
:61:251105C000000000289,25N541EREF//43236931969
BE39210096870619
:86:/EREF/202511010096148/TRCD/541/ORDP//NAME/WORLDLINE/REMI/R:0-8210
5956/449  AFG:VI VAN 01/11 TOT 01/11         BRT:0000291,14EUR C:
00001,89/PURP//CD/CCRD/ISDT/2025-11-05
:61:251105C000000000254,86N541EREF//43236931957
BE39210096870619
:86:/EREF/202511020087571/TRCD/541/ORDP//NAME/WORLDLINE/REMI/R:0-8210
5956/451  AFG:VI VAN 02/11 TOT 02/11         BRT:0000256,53EUR C:
00001,67/PURP//CD/CCRD/ISDT/2025-11-05
:61:251105C000000000250,92N541EREF//43236952176
BE39210096870619
:86:/EREF/202511010096140/TRCD/541/ORDP//NAME/WORLDLINE/REMI/R:6-8210
5956/448  AFG:MC VAN 01/11 TOT 01/11         BRT:0000253,77EUR C:
00002,85/PURP//CD/CCRD/ISDT/2025-11-05
:61:251105C000000000875,08N541EREF//43237540611
BE39210096870619
:86:/EREF/202510310184738/TRCD/541/ORDP//NAME/WORLDLINE/REMI/R:6-8210
5956/446  AFG:MC VAN 31/10 TOT 31/10         BRT:0000881,54EUR C:
00006,46/PURP//CD/CCRD/ISDT/2025-11-05
:61:251105C000000000024,76N541EREF//43237519911
BE39210096870619
:86:/EREF/202511010096063/TRCD/541/ORDP//NAME/WORLDLINE/REMI/R:2-8227
9684/621  AFG:VI VAN 01/11 TOT 01/11         BRT:0000024,96EUR C:
00000,20/PURP//CD/CCRD/ISDT/2025-11-05
:61:251105C000000000412,39N541EREF//43237541748
BE39210096870619
:86:/EREF/202510310184748/TRCD/541/ORDP//NAME/WORLDLINE/REMI/R:0-8210
5956/447  AFG:VI VAN 31/10 TOT 31/10         BRT:0000414,61EUR C:
00002,22/PURP//CD/CCRD/ISDT/2025-11-05
:61:251105C000000004798,15N541EREF//43238082613
NL92ADYB2017400998
:86:/EREF/TX54830353200XT/TRCD/541/ORDP//NAME/Adyen N.V./REMI/TX54830
353200XT batch 890, CP-EH-ECOM/ISDT/2025-11-05
:61:251105C000000000007,25N541NONREF//43238081923
BE60750644595070
:86:/TRCD/541/ORDP//NAME/Adriaenssens - Goris/REMI/Cottage 460 verget
en hoofdkussen/ISDT/2025-11-05
:61:251105C000000000013,15N540FT283609011271//25B5D08080L52I2S
77330967092068
:86:/EREF/NOTPROVIDED/TRCD/540/ORDP//NAME/WATERWORTH DEREK JAMIE/REMI
/335 - WATERWORTH -BLUE BACKPACK/OCMT/GBP12,03
:61:251105D000000009582,95N625OO9T005178597516//OO9T005178597516
NL31RABO0300087233
:86:/EREF/POYTCPE2025000003484/TRCD/625/BENM//NAME/Center Parcs Europ
e N.V./REMI/CPES110500007 SWEEPING RBCP/SWEEPNL92RABO0300002424 E
URNL31RABO0300087233 EUR
:62F:C251105EUR000000010000,00
:64:C251105EUR000000010000,00
:65:C251106EUR000000010000,00
:65:C251107EUR000000010000,00
:65:C251108EUR000000010000,00
:65:C251109EUR000000010000,00
